%% This BibTeX bibliography file was created using BibDesk.
%% http://bibdesk.sourceforge.net/


%% Created for Maximilian Held at 2014-04-14 13:57:59 +0200 


%% Saved with string encoding Unicode (UTF-8) 



@article{Arrow1950,
	Author = {Arrow, Kenneth J.},
	Class = {MPP Thesis 2010; DSA 2014 BS-S Schule der Demokratie},
	Date-Added = {2014-04-14 11:56:02 +0000},
	Date-Modified = {2014-04-14 11:56:02 +0000},
	Journal = {Journal of Political Economy},
	Keywords = {Democracy},
	Mendeley-Tags = {Democracy,folder-copy-schule-der-demokratie},
	Number = {4},
	Project = {Emile; Give n' Take},
	Title = {A Difficulty in the Concept of Social Welfare},
	Volume = {58},
	Year = {1950}}

@book{Arrow1963,
	Address = {New York, NY},
	Author = {Arrow, Kenneth J.},
	Booktitle = {Social Choice and Individual Values},
	Class = {DSA 2014 BS-S Schule der Demokratie; DSA 2009 BS-2 E-Democracy},
	Date-Added = {2014-04-14 11:56:02 +0000},
	Date-Modified = {2014-04-14 11:56:02 +0000},
	Keywords = {Democracy},
	Mendeley-Tags = {Democracy,folder-copy-schule-der-demokratie},
	Project = {Emile; Give n' Take},
	Publisher = {John Wiley and Sons},
	Title = {Social Choice and Individual Values},
	Year = {1963}}

@book{Arrow1971,
	Address = {Chicago, IL},
	Author = {Arrow, Kenneth J.},
	Booktitle = {Essays in the Theory of Risk Bearing},
	Date-Added = {2014-04-14 11:56:02 +0000},
	Date-Modified = {2014-04-14 11:56:02 +0000},
	Keywords = {Political Economy},
	Mendeley-Tags = {Political Economy,folder-phd},
	Project = {PhD Tax & Democracy; Emile},
	Publisher = {Markham},
	Title = {Essays in the Theory of Risk Bearing},
	Year = {1971}}

@incollection{Boban1998a,
	Address = {Weinheim, M{\"u}nchen},
	Author = {Boban, Ines},
	Booktitle = {Integrationsp{\"a}dagogik. Auf dem Wege zu einer Schule f{\"u}r alle},
	Class = {DSA 2014 BS-S Schule der Demokratie},
	Date-Added = {2014-04-14 11:56:02 +0000},
	Date-Modified = {2014-04-14 11:56:02 +0000},
	Editor = {Schnell, Irmtraut and Hildeschmidt, Anne},
	Mendeley-Tags = {folder-copy-schule-der-demokratie},
	Pages = {193--207},
	Project = {Emile},
	Publisher = {Juventa},
	Title = {â€žVoll peacy!?!``--Sicht der Sch{\"u}lerInnen},
	Year = {1998},
	Bdsk-Url-1 = {http://scholar.google.de/scholar?q=Voll+peacy+boban+ines%5C&btnG=%5C&hl=de%5C&as%5C_sdt=0,5%5C#0}}

@incollection{Cohen-1989-aa,
	Address = {Oxford, UK},
	Author = {Cohen, Joshua},
	Booktitle = {The Good Polity - Normative Analysis of the State},
	Class = {German Politics and Culture 2013; German Politics and Culture 2010; DSA 2011-4 Arbeit; Designing Democratic Innovations (Offe) 2009; DSA 2009 BS-2 E-Democracy; DSA 2010 BS-2 Chancengleichheit; The Grass its Green and the Other Side -- Comparative Social Sciences},
	Date-Added = {2014-04-14 11:56:02 +0000},
	Date-Modified = {2014-04-14 11:56:02 +0000},
	Editor = {Hamlin, Alan and Pettit, Philip},
	Keywords = {Deliberation,Democracy},
	Mendeley-Tags = {2014-Winter,5-Great,Deliberation,Democracy,\_Read,folder-burnout,folder-companaly,folder-dsaarbeit,folder-favorites,folder-phd},
	Project = {Burnout; PhD Tax & Democracy; Emile; Give n' Take},
	Publisher = {Blackwell},
	Rating = {5},
	Read = {5},
	Title = {Deliberation and Democratic Legitimacy},
	Year = {1989},
	Bdsk-File-1 = {YnBsaXN0MDDUAQIDBAUGJCVYJHZlcnNpb25YJG9iamVjdHNZJGFyY2hpdmVyVCR0b3ASAAGGoKgHCBMUFRYaIVUkbnVsbNMJCgsMDxJXTlMua2V5c1pOUy5vYmplY3RzViRjbGFzc6INDoACgAOiEBGABIAFgAdccmVsYXRpdmVQYXRoWWFsaWFzRGF0YV8QOi4uLy4uL0dvb2dsZSBEcml2ZS9saWJyYXJ5L2VtaWxlX2xpYnJhcnkvQ29oZW4tMTk4OS1hYS5wZGbSFwsYGVdOUy5kYXRhTxEBxAAAAAABxAACAAAMTWFjaW50b3NoIEhEAAAAAAAAAAAAAAAAAAAAzzbHnUgrAAAAbacREUNvaGVuLTE5ODktYWEucGRmAAAAAAAAAAAAAAAAAAAAAAAAAAAAAAAAAAAAAAAAAAAAAAAAAAAAAAAAAAAAAAAPFLHPN52FAAAAAAAAAAAAAgAEAAAJIAAAAAAAAAAAAAAAAAAAAA1lbWlsZV9saWJyYXJ5AAAQAAgAAM82uY0AAAARAAgAAM83j3UAAAABABQAbacRAFYNCgALg5YABPnMAAISegACAFBNYWNpbnRvc2ggSEQ6VXNlcnM6AE1heDoAR29vZ2xlIERyaXZlOgBsaWJyYXJ5OgBlbWlsZV9saWJyYXJ5OgBDb2hlbi0xOTg5LWFhLnBkZgAOACQAEQBDAG8AaABlAG4ALQAxADkAOAA5AC0AYQBhAC4AcABkAGYADwAaAAwATQBhAGMAaQBuAHQAbwBzAGgAIABIAEQAEgA+VXNlcnMvTWF4L0dvb2dsZSBEcml2ZS9saWJyYXJ5L2VtaWxlX2xpYnJhcnkvQ29oZW4tMTk4OS1hYS5wZGYAEwABLwAAFQACAAr//wAAgAbSGxwdHlokY2xhc3NuYW1lWCRjbGFzc2VzXU5TTXV0YWJsZURhdGGjHR8gVk5TRGF0YVhOU09iamVjdNIbHCIjXE5TRGljdGlvbmFyeaIiIF8QD05TS2V5ZWRBcmNoaXZlctEmJ1Ryb290gAEACAARABoAIwAtADIANwBAAEYATQBVAGAAZwBqAGwAbgBxAHMAdQB3AIQAjgDLANAA2AKgAqICpwKyArsCyQLNAtQC3QLiAu8C8gMEAwcDDAAAAAAAAAIBAAAAAAAAACgAAAAAAAAAAAAAAAAAAAMO}}

@book{Condorcet1785,
	Address = {Bourg-la-Reine, France},
	Author = {de Condorcet, Marquis},
	Booktitle = {Essay on the Application of Analysis to the Probability of Majority Decisions},
	Class = {DSA 2014 BS-S Schule der Demokratie},
	Date-Added = {2014-04-14 11:56:02 +0000},
	Date-Modified = {2014-04-14 11:56:02 +0000},
	Keywords = {Democracy,Public Choice,Old Keyword},
	Mendeley-Tags = {Democracy,Public Choice,\_ol,folder-copy-schule-der-demokratie},
	Project = {Emile},
	Publisher = {Unknown Publisher},
	Title = {Essay on the Application of Analysis to the Probability of Majority Decisions},
	Year = {1785}}

@incollection{Converse-1964-aa,
	Author = {Converse, Philip E},
	Booktitle = {Collection},
	Class = {Value Research 2007; Micropolitics 2008; DSA 2014 BS-S Schule der Demokratie; DSA 2009 BS-2 E-Democracy},
	Date-Added = {2014-04-14 11:56:02 +0000},
	Date-Modified = {2014-04-14 11:56:02 +0000},
	Keywords = {Democracy,Values},
	Mendeley-Tags = {Democracy,Values,folder-copy-schule-der-demokratie},
	Pages = {208--259},
	Project = {Emile; Give n' Take},
	Title = {The Nature of Belief Systems in Mass Publics},
	Year = {1964},
	Annote = {64020305 GB65-3981 edited by David E. Apter. illus. 24 cm. ''Supplementary bibliography, compiled by Kay L. Lawson'': p.[329]-334.},
	Bdsk-File-1 = {YnBsaXN0MDDUAQIDBAUGJCVYJHZlcnNpb25YJG9iamVjdHNZJGFyY2hpdmVyVCR0b3ASAAGGoKgHCBMUFRYaIVUkbnVsbNMJCgsMDxJXTlMua2V5c1pOUy5vYmplY3RzViRjbGFzc6INDoACgAOiEBGABIAFgAdccmVsYXRpdmVQYXRoWWFsaWFzRGF0YV8QPS4uLy4uL0dvb2dsZSBEcml2ZS9saWJyYXJ5L2VtaWxlX2xpYnJhcnkvQ29udmVyc2UtMTk2NC1hYS5wZGbSFwsYGVdOUy5kYXRhTxEB0gAAAAAB0gACAAAMTWFjaW50b3NoIEhEAAAAAAAAAAAAAAAAAAAAzzbHnUgrAAAAbacRFENvbnZlcnNlLTE5NjQtYWEucGRmAAAAAAAAAAAAAAAAAAAAAAAAAAAAAAAAAAAAAAAAAAAAAAAAAAAAAAAAAAALxz7PN5MmAAAAAAAAAAAAAgAEAAAJIAAAAAAAAAAAAAAAAAAAAA1lbWlsZV9saWJyYXJ5AAAQAAgAAM82uY0AAAARAAgAAM83hRYAAAABABQAbacRAFYNCgALg5YABPnMAAISegACAFNNYWNpbnRvc2ggSEQ6VXNlcnM6AE1heDoAR29vZ2xlIERyaXZlOgBsaWJyYXJ5OgBlbWlsZV9saWJyYXJ5OgBDb252ZXJzZS0xOTY0LWFhLnBkZgAADgAqABQAQwBvAG4AdgBlAHIAcwBlAC0AMQA5ADYANAAtAGEAYQAuAHAAZABmAA8AGgAMAE0AYQBjAGkAbgB0AG8AcwBoACAASABEABIAQVVzZXJzL01heC9Hb29nbGUgRHJpdmUvbGlicmFyeS9lbWlsZV9saWJyYXJ5L0NvbnZlcnNlLTE5NjQtYWEucGRmAAATAAEvAAAVAAIACv//AACABtIbHB0eWiRjbGFzc25hbWVYJGNsYXNzZXNdTlNNdXRhYmxlRGF0YaMdHyBWTlNEYXRhWE5TT2JqZWN00hscIiNcTlNEaWN0aW9uYXJ5oiIgXxAPTlNLZXllZEFyY2hpdmVy0SYnVHJvb3SAAQAIABEAGgAjAC0AMgA3AEAARgBNAFUAYABnAGoAbABuAHEAcwB1AHcAhACOAM4A0wDbArECswK4AsMCzALaAt4C5QLuAvMDAAMDAxUDGAMdAAAAAAAAAgEAAAAAAAAAKAAAAAAAAAAAAAAAAAAAAx8=}}

@incollection{Deppe-Wolfinger2002a,
	Address = {Weinheim und Basel},
	Author = {Deppe-Wolfinger, H},
	Booktitle = {Handbuch Integrationsp{\"a}dagogik},
	Class = {DSA 2014 BS-S Schule der Demokratie},
	Date-Added = {2014-04-14 11:56:02 +0000},
	Date-Modified = {2014-04-14 11:56:02 +0000},
	Editor = {Eberwein, Hans and Knauer, Sabine},
	Mendeley-Tags = {folder-copy-schule-der-demokratie},
	Pages = {46--52},
	Project = {Emile},
	Publisher = {Beltz Verlag},
	Title = {Schulische Integration im Prozess gesellschaftlicher Desintegration},
	Year = {2002},
	Bdsk-Url-1 = {http://scholar.google.de/scholar?q=%22schulische+Integration+im+Prozess+gesellschaftlicher+Desintegration%22%5C&btnG=%5C&hl=de%5C&as%5C_sdt=0,5%5C#0}}

@book{Dewey1916,
	Address = {New York, NY},
	Author = {Dewey, John},
	Booktitle = {Democracy and Education},
	Class = {DSA 2014 BS-S Schule der Demokratie},
	Date-Added = {2014-04-14 11:56:02 +0000},
	Date-Modified = {2014-04-14 11:56:02 +0000},
	Keywords = {Deliberation,Education},
	Mendeley-Tags = {Deliberation,Education,\_Kindle,folder-copy-schule-der-demokratie},
	Project = {Emile; Give n' Take},
	Publisher = {Macmillan},
	Source = {Amazon Kindle},
	Title = {Democracy and Education},
	Year = {1916}}

@book{Dewey2010,
	Address = {Weinheim und Basel},
	Author = {Dewey, John},
	Booktitle = {Demokratie und Erziehung. Eine Einleitung in die philosophische P{\"a}dagogik},
	Class = {DSA 2014 BS-S Schule der Demokratie},
	Date-Added = {2014-04-14 11:56:02 +0000},
	Date-Modified = {2014-04-14 11:56:02 +0000},
	Editor = {Oelkers, J{\"u}rgen},
	Mendeley-Tags = {folder-copy-schule-der-demokratie},
	Project = {Emile},
	Publisher = {Beltz},
	Title = {Demokratie und Erziehung. Eine Einleitung in die philosophische P{\"a}dagogik},
	Year = {2010},
	Annote = {
        Kapitel ``Erziehung und Verkehr'' (S. 18-21):

        
        
Bezug auf Funktion der Schule (menschl. Fortbestand durch Weitergabe sichern)
Schule sei dabei aber nicht allein Mittel der generativen Weitergabe, sondern auch ``Wesen der Gesellschaft'' (s. 19), wichtig da nicht allein Mittel zum Zweck (ungleich Demokratiep{\"a}d. heute, VK)
Begriff der Gemeinschaft und der soz. Gruppe mit den Merkmalen ``wechselseitiges Anteilhaben an Zwecken'' und ``Gemeinsamkeit der Interessen''
 (S. 20) = Verkehr
> Bezug zu Kooperation m{\"o}glich (VK)
Begriff der Erfahrung (kl{\"a}ren, VK)

        

        
          
Kapitel ``Die Schule als eine Umgebung besonderer Art'' (S. 37-42)
        

        
Funktion der Schule in einer komplexen Gesellschaft; Schule als besondere soziale Umwelt mit 3 Aufgaben:
1. Bereitstellung einer vereinfachten Umwelt (S. 39)
2, ``Reinigung und Idealisierung der existierenden sozialen Gewohnheiten'' (S. 42)
3. Erhebung aus angeborener soz. Umwelt

        
> ungleich Rousseau, VK
> vgl. Inklusion, VK

        

        
          
7. Kapitel ``Der demokratische Gedanke in der Erziehung'' (113-137)

        
        
Kopplung Erziehungsmethoden / gesellschaftl. Ziel, d.h. eine auf Wandel ausgelegte Gesellschaft muss andere Methoden haben als eine auf Fortbestand ausgelegte

        
> Was f{\"u}r eine Gesellschaft haben wir? Woran orientieren sich unsere Erziehungsvorstellungen in D? VK

        
Differenzierung ``Gesellschaft'' (Einheitlichkeit, Gemeinsamkeit der Zwecke) vs.  ``Gemeinschaft'' (S. 114)
Zgh. Sozialisierung (S. 115)

        
Schlussfolgerung f{\"u}r die Erziehung: ``Die Aufgabe besteht vielmehr darin, aus den tats{\"a}chlich vorhandenen Formen des Gemeinschaftslebens die w{\"u}nschenswerten Z{\"u}ge herauszuheben, von ihnen aus die unerw{\"u}nschten zu kritisieren und auf Verbesserungen hinzuweisen.''  (S. 115)

        
D. arbeitet Faktoren / Grundlagen der soz. Gemeinschaft heraus (S. 116-120);
Verbindung zwischen Gruppen, geteilte Interessen, Wechselspiel unter Gruppenmitgliedern, gemeinsame Erfahrungen und Unternehmungen, Verkehr

        
          
Das demokratische Ideal
        
Zusammenfassugn der zwei wichtigsten Elemente:
1. wechselseitiges Interesse (``als Faktor in der Regelung sozialer Beziehungen''! S. 120)
2.Wechselwirkungen zwischen versch. soz. Gruppen UND st{\"a}ndige Neuanpassung an Sachlagen (Fortschritt)

        
Zusammenh{\"a}nge Demokratie / Erziehung:
Bedeutung des Interesses der W{\"a}hler, das nur durch Erziehung geschaffen werden k{\"o}nne (S. 120f.)
Au\ss erdem: ``Die Demokratie ist mehr als eine Regierungsform; sie ist in erster Linie eine Form des Zusammenlebens, der gemeinsamen und miteinander geteilten Erfahrung.'' (S: 121)
Aufbau von Beziehungen durch Wechselseitigkeit, Abbau von Schranken, Dewey betont den Gewinn gegen{\"u}ber isolierten Gruppen (``Mannigfaltigkeit der Reize'')

        
> Bezug zu Inklusion, VK
> Unter welchen Bedingungen bewirkt interessenorientierte P{\"a}dagogik Vereinzelung und unter welchen Beziehungsaufbau? Wie kann man die von Dewey beschriebene ``Mannigfaltigkeit'' nutzen oder sind heterogene Lerngruppen Selbstl{\"a}ufer (vgl. Freie Schulen)? VK Auch Dewey schreibt: ``Nachdem jedoch eine st{\"a}rkere Individualisierung einerseits, eine breitere Gemeinsamkeit der Interessen andererseits entstanden sind, ist es Sache wohl{\"u}berlegter Bem{\"u}hungen, sie zu erhalten und auszudehnen.'' (S. 121)

        
Es folgt ein Unterkapitel zu Platons Philosophie mit {\"a}hnlichem Ideal wie oben beschrieben;
dann der Individualismus der Aufkl{\"a}rung im 18. Jh. und Kritik daran (wichtig f{\"u}r Verst{\"a}ndnis Rousseau, VK) und letztlich der Staatsidealismus des 19. Jh.
> sollte vielleicht alles gelesen werden bis S. 137, VK

        

        
          
9. Kapitel: Naturgem{\"a}\ss e Entwicklung und Wert f{\"u}r die Gesellschaft als Erziehungsziele (S. 151-168)

        
        
Kritik an Rousseau
Dewey spricht sich aus gegen:
spontane, naturw{\"u}chsige Entwicklung, vgl. Sprachentwicklung (S. 154f.), Zielgerichtetheit der Natur; das Nat{\"u}rliche sei das Gute (Natur=Gott) (S. 156)

        
Dewey unterstreicht aber auch die (historische) Bedeutung von Rousseaus Ideeenund leitet daraus eigene erzieherische Vorschl{\"a}ge ab (S. 157f.)

        
S. 159: Auseinandersetzung mit Gleichheit, nat{\"u}rliche Verschiedenheit (Grenzen der Erziehung)
> vgl. heutige Slogans ``Alle Kinder sind hochbegabt.'' VK

        
Deweys Gegenentwurf: ``Der Wert f{\"u}r die Gesellschaft als Erziehungsziel''
        

        
''Die Theorie wird zutreffend, wenn wir anerkennen, da\ss sozialer Wert nicht durch Verneinung und Einengung, sondern durch positive Verwertung angeborener, individueller Dispositionen in Bet{\"a}tigungen von sozialer Bedeutung erreicht wird.'' (S. 161)

        
Bsp. 1) Beruflicher Wert
> Vgl. Inklusion, Behinderung in der Def. von Wolfgang Jantzen in Sander (2008) Behinderung als als mangelnde Konsumf{\"a}higkeit und Verwertbarkeit auf dem Arbeitsmarkt, VK

        
Bsp. 2) B{\"u}rgerlicher Wert

        
          
''Im weitesten Sinne genommen ist Wert f{\"u}r die Gesellschaft nichts anderes als jene soziale Einstellung des Geistes, die sich t{\"a}tig bem{\"u}ht, den Austausch der Erfahrungen zu f{\"o}rdern, etwa durch die Niederlegung der sozialen Schranken, die eine Gruppe von Menschen von den Interessen der anderen abschlie\ss en.'' (S. 164)

        
        
> Aktualit{\"a}t, VK

        

        
          
Kultur als Erziehungsziel

        
        
trad. Kulturbegriff (Pflege und Reife vs. Natur)

        
D. argumentiert, dass ein hoher Wert der Pers{\"o}nlichkeit ein hoher Wert f{\"u}r die Gesellschaft sein kann und widerspricht der Trennung beider Aspekte (einige produzieren, einige entwickeln ihre Pers{\"o}nlichkeit)
Das Ziel des sozialen Wertes (S. 166)

        
D. warnt vor der Gefahr der gesell. Aussonderung/Isolation, wenn Kultur und Pers{\"o}nlichkeitsentwicklung als etwas allein Inneres verstanden wird, das unabh{\"a}ngig von dem soz. Umfeld erw{\"a}chst und damit keine Beziehungen aufbaut

        
> unbedingt vgl. mit selbstbestimmten Lernen, Freie Schulen etc. VK

        
Fazit: ``Was man als Pers{\"o}nlichkeit ist, das ist man in der  Beziehung zu anderen, im freien Geben und Nehmen des Austausches.'' (S. 166)
soziale Leistung = Pers{\"o}nlichkeitskultur (S. 167)

      },
	Bdsk-File-1 = {YnBsaXN0MDDUAQIDBAUGJCVYJHZlcnNpb25YJG9iamVjdHNZJGFyY2hpdmVyVCR0b3ASAAGGoKgHCBMUFRYaIVUkbnVsbNMJCgsMDxJXTlMua2V5c1pOUy5vYmplY3RzViRjbGFzc6INDoACgAOiEBGABIAFgAdccmVsYXRpdmVQYXRoWWFsaWFzRGF0YV8QNi4uLy4uL0dvb2dsZSBEcml2ZS9saWJyYXJ5L2VtaWxlX2xpYnJhcnkvRGV3ZXkyMDEwLnBkZtIXCxgZV05TLmRhdGFPEQG0AAAAAAG0AAIAAAxNYWNpbnRvc2ggSEQAAAAAAAAAAAAAAAAAAADPNsedSCsAAABtpxENRGV3ZXkyMDEwLnBkZgAAAAAAAAAAAAAAAAAAAAAAAAAAAAAAAAAAAAAAAAAAAAAAAAAAAAAAAAAAAAAAAAAAAGIe989Yp7MAAAAAAAAAAAACAAQAAAkgAAAAAAAAAAAAAAAAAAAADWVtaWxlX2xpYnJhcnkAABAACAAAzza5jQAAABEACAAAz1iZowAAAAEAFABtpxEAVg0KAAuDlgAE+cwAAhJ6AAIATE1hY2ludG9zaCBIRDpVc2VyczoATWF4OgBHb29nbGUgRHJpdmU6AGxpYnJhcnk6AGVtaWxlX2xpYnJhcnk6AERld2V5MjAxMC5wZGYADgAcAA0ARABlAHcAZQB5ADIAMAAxADAALgBwAGQAZgAPABoADABNAGEAYwBpAG4AdABvAHMAaAAgAEgARAASADpVc2Vycy9NYXgvR29vZ2xlIERyaXZlL2xpYnJhcnkvZW1pbGVfbGlicmFyeS9EZXdleTIwMTAucGRmABMAAS8AABUAAgAK//8AAIAG0hscHR5aJGNsYXNzbmFtZVgkY2xhc3Nlc11OU011dGFibGVEYXRhox0fIFZOU0RhdGFYTlNPYmplY3TSGxwiI1xOU0RpY3Rpb25hcnmiIiBfEA9OU0tleWVkQXJjaGl2ZXLRJidUcm9vdIABAAgAEQAaACMALQAyADcAQABGAE0AVQBgAGcAagBsAG4AcQBzAHUAdwCEAI4AxwDMANQCjAKOApMCngKnArUCuQLAAskCzgLbAt4C8ALzAvgAAAAAAAACAQAAAAAAAAAoAAAAAAAAAAAAAAAAAAAC+g==}}

@incollection{Eberwein2002,
	Address = {Weinheim und Basel},
	Author = {Eberwein, Hans and Knauer, Sabine},
	Booktitle = {Handbuch Integrationsp{\"a}dagogik},
	Class = {DSA 2014 BS-S Schule der Demokratie},
	Date-Added = {2014-04-14 11:56:02 +0000},
	Date-Modified = {2014-04-14 11:56:02 +0000},
	Editor = {Eberwein, Hans and Knauer, Sabine},
	Mendeley-Tags = {folder-copy-schule-der-demokratie},
	Pages = {17--35},
	Project = {Emile},
	Publisher = {Beltz Verlag},
	Title = {Integrationsp{\"a}dagogik als Ansatz zur {\"U}berwindung p{\"a}dagogischer Kategorisierungen und schulischer Systeme},
	Year = {2002}}

@book{Ekoko2014,
	Author = {Ekoko, Beatrice Ekwa and Ricci, Carlo},
	Booktitle = {Natural Born Learners: Unschooling And Autonomy In Education},
	Class = {DSA 2014 BS-S Schule der Demokratie},
	Date-Added = {2014-04-14 11:56:02 +0000},
	Date-Modified = {2014-04-14 11:56:02 +0000},
	Keywords = {Individualisierung,Umsetzung},
	Mendeley-Tags = {Individualisierung,Umsetzung,folder-copy-schule-der-demokratie},
	Project = {Emile},
	Title = {Natural Born Learners: Unschooling And Autonomy In Education},
	Year = {2014}}

@article{Englund2006,
	Author = {Englund, Tomas},
	Class = {DSA 2014 BS-S Schule der Demokratie},
	Date-Added = {2014-04-14 11:56:02 +0000},
	Date-Modified = {2014-04-14 11:56:02 +0000},
	Doi = {10.1080/00220270600607090},
	Issn = {0022-0272},
	Journal = {Journal of Curriculum Studies},
	Keywords = {Deliberation,Education},
	Mendeley-Tags = {Deliberation,Education,folder-copy-schule-der-demokratie},
	Month = sep,
	Number = {5},
	Pages = {499--501},
	Project = {Emile},
	Title = {Introduction -- J{\"u}rgen Habermas and Education},
	Volume = {38},
	Year = {2006},
	Bdsk-File-1 = {YnBsaXN0MDDUAQIDBAUGJCVYJHZlcnNpb25YJG9iamVjdHNZJGFyY2hpdmVyVCR0b3ASAAGGoKgHCBMUFRYaIVUkbnVsbNMJCgsMDxJXTlMua2V5c1pOUy5vYmplY3RzViRjbGFzc6INDoACgAOiEBGABIAFgAdccmVsYXRpdmVQYXRoWWFsaWFzRGF0YV8QOC4uLy4uL0dvb2dsZSBEcml2ZS9saWJyYXJ5L2VtaWxlX2xpYnJhcnkvRW5nbHVuZDIwMDYucGRm0hcLGBlXTlMuZGF0YU8RAbwAAAAAAbwAAgAADE1hY2ludG9zaCBIRAAAAAAAAAAAAAAAAAAAAM82x51IKwAAAG2nEQ9FbmdsdW5kMjAwNi5wZGYAAAAAAAAAAAAAAAAAAAAAAAAAAAAAAAAAAAAAAAAAAAAAAAAAAAAAAAAAAAAAAAAAEiKozzf3UQAAAAAAAAAAAAIABAAACSAAAAAAAAAAAAAAAAAAAAANZW1pbGVfbGlicmFyeQAAEAAIAADPNrmNAAAAEQAIAADPN+lBAAAAAQAUAG2nEQBWDQoAC4OWAAT5zAACEnoAAgBOTWFjaW50b3NoIEhEOlVzZXJzOgBNYXg6AEdvb2dsZSBEcml2ZToAbGlicmFyeToAZW1pbGVfbGlicmFyeToARW5nbHVuZDIwMDYucGRmAA4AIAAPAEUAbgBnAGwAdQBuAGQAMgAwADAANgAuAHAAZABmAA8AGgAMAE0AYQBjAGkAbgB0AG8AcwBoACAASABEABIAPFVzZXJzL01heC9Hb29nbGUgRHJpdmUvbGlicmFyeS9lbWlsZV9saWJyYXJ5L0VuZ2x1bmQyMDA2LnBkZgATAAEvAAAVAAIACv//AACABtIbHB0eWiRjbGFzc25hbWVYJGNsYXNzZXNdTlNNdXRhYmxlRGF0YaMdHyBWTlNEYXRhWE5TT2JqZWN00hscIiNcTlNEaWN0aW9uYXJ5oiIgXxAPTlNLZXllZEFyY2hpdmVy0SYnVHJvb3SAAQAIABEAGgAjAC0AMgA3AEAARgBNAFUAYABnAGoAbABuAHEAcwB1AHcAhACOAMkAzgDWApYCmAKdAqgCsQK/AsMCygLTAtgC5QLoAvoC/QMCAAAAAAAAAgEAAAAAAAAAKAAAAAAAAAAAAAAAAAAAAwQ=},
	Bdsk-Url-1 = {http://www.tandfonline.com/doi/abs/10.1080/00220270600607090},
	Bdsk-Url-2 = {http://dx.doi.org/10.1080/00220270600607090}}

@article{Feuser2002a,
	Author = {Feuser, G},
	Class = {DSA 2014 BS-S Schule der Demokratie},
	Date-Added = {2014-04-14 11:56:02 +0000},
	Date-Modified = {2014-04-14 11:56:02 +0000},
	Journal = {{\ldots} . Kinder mit und ohne Beeintr{\"a}chtigung lernen {\ldots}},
	Mendeley-Tags = {folder-copy-schule-der-demokratie},
	Project = {Emile},
	Title = {Momente entwicklungslogischer Didaktik einer allgemeinen (integrativen) P{\"a}dagogik},
	Year = {2002},
	Bdsk-Url-1 = {http://scholar.google.de/scholar?q=%22Momente+entwicklungslogischer+Didaktik%22+Feuser%5C&btnG=%5C&hl=de%5C&as%5C_sdt=0,5%5C#0}}

@book{Freinet1979,
	Address = {Paderborn},
	Author = {Freinet, C{\'e}lestin},
	Booktitle = {Die moderne franz{\"o}sische Schule},
	Class = {DSA 2014 BS-S Schule der Demokratie},
	Date-Added = {2014-04-14 11:56:02 +0000},
	Date-Modified = {2014-04-14 11:56:02 +0000},
	Keywords = {Individualisierung,Cooperation,Umsetzung,School},
	Mendeley-Tags = {Individualisierung,Kooperation,Schule,Umsetzung,folder-copy-schule-der-demokratie},
	Pages = {75--111},
	Project = {Emile},
	Publisher = {Ferdinand Sch{\"o}ningh},
	Title = {Die moderne franz{\"o}sische Schule},
	Year = {1979},
	Annote = {
        {\"U}berblick {\"u}ber das Leben der Schulgemeinde (S. 75-111)

          

        Auf diesen Seiten gibt Freinet einen Einblick in die Organisation seiner Schule. Dabei wird zum einen der Tages-/bzw. Wochenrhythmus chronologisch nachvollzogen, gleichzeitig werden zentrale Begriffe der Freinet-P{\"a}dagogik genannt. Beides wird anhand von Beispieltexten von Kindern und Unterrichtszenen illustriert, bzw. nacherz{\"a}hlt.

        
          
Erw{\"a}hnte Methoden und Arbeitsmittel der Schule: Wandzeitung (``Wir {\"u}ben Kritik! Wir begl{\"u}ckw{\"u}nschen! Wir fordern!'' S. 76), {\"a}mterverteilung, Tagebuch, Schuldruckerei, Unterrichtsgang, individuelle Arbeitspl{\"a}ne (f{\"u}r Woche/Monat/Jahr), Arbeitskarten mit Selbstkontrollfunktion, Korrespondenz, Berichte, weitere Arbeitsmittel (S. 84), Ateliers, Arbeitsb{\"u}cherei

        
          
Zentrale p{\"a}d. Begriffe der Freinet-P{\"a}dagogik:
        
Centres-d'int\'{e}r\^{e}ts (Interessenzentren) vs. Complexe d'int\'{e}r\^{e}ts (Interessenkomplexe) (S. 89), Freier Ausdruck, Freie Texte, Begriff der ``Arbeit'', Verh{\"a}ltnis zwischen manuellen und geistigen T{\"a}tigkeiten, Kooperative

        
          
Zusammenh{\"a}nge im Kurs:
        
r\'{e}cours-barri\`{e}res (S. 81) vgl. Rousseau, vgl. Dewey, Sozialisation
Wert der Gemeinschaft (Kooperativen), vgl. Dewey, Inklusion
Verbindung zwischen Individualisierung und Kooperation

        
> bei den theoretischen Begriffen muss evtl. noch mit weiteren Texten nachgelegt werden, wenn Zeit daf{\"u}r ist und Freinet nicht nur als praktisches Beispiel (Freinet-Methode) sondern auch als Theorie seinen Platz im Kurs finden 
soll, VK
> Um die Verbindung zu Rousseau besser hinzukriegen, w{\"a}re nat{\"u}rlich die Ganzheitliche Methode von Freinet interessant, aber zu spezifisch?! VK

        

        

        Fragen:
        
Wie l{\"a}uft ein Schultag in der Freinet-Schule ab?
Welche Anl{\"a}sse f{\"u}r
a) Zusammenarbeit/Kooperation 
und b) individuelles Arbeiten
lassen sich in den Beschreibungen erkennen?

        

        

        Anmerkungen zum Thema Drucken, VK
        

        
Beachten: Der autonome Geltungsanspruch des gedruckten Wortes Anfang und Mitte des 20. Jh., hat sich heute weitgehend durch den Computer und das Internet aufgel{\"o}st.
Warum dann noch drucken?

        
Drucken als Teilhabe an schriftkultureller Praxis durch Wechsel der medialen Qualit{\"a}t; Entfremdungsprozess des Druckens f{\"u}hrt zu einer ``{\"u}berpers{\"o}nlichen'' Erfahrung und gleichzeitig durch das Produkt zu einem Sichtbarmachen der pers{\"o}nlichen Wirksamkeit;

        
Der (gedruckte) Text ist Br{\"u}cke zwischen Person und Kultur und bei Freinet immer kommunikativ gedacht, also zwischen Personen (Korrespondenzen) > Lernen als Kulturaneignung (vgl. Dewey ``Kultur'') },
	Bdsk-File-1 = {YnBsaXN0MDDUAQIDBAUGJCVYJHZlcnNpb25YJG9iamVjdHNZJGFyY2hpdmVyVCR0b3ASAAGGoKgHCBMUFRYaIVUkbnVsbNMJCgsMDxJXTlMua2V5c1pOUy5vYmplY3RzViRjbGFzc6INDoACgAOiEBGABIAFgAdccmVsYXRpdmVQYXRoWWFsaWFzRGF0YV8QOC4uLy4uL0dvb2dsZSBEcml2ZS9saWJyYXJ5L2VtaWxlX2xpYnJhcnkvRnJlaW5ldDE5NzkucGRm0hcLGBlXTlMuZGF0YU8RAbwAAAAAAbwAAgAADE1hY2ludG9zaCBIRAAAAAAAAAAAAAAAAAAAAM82x51IKwAAAG2nEQ9GcmVpbmV0MTk3OS5wZGYAAAAAAAAAAAAAAAAAAAAAAAAAAAAAAAAAAAAAAAAAAAAAAAAAAAAAAAAAAAAAAAAAS8h5z1ioWQAAAAAAAAAAAAIABAAACSAAAAAAAAAAAAAAAAAAAAANZW1pbGVfbGlicmFyeQAAEAAIAADPNrmNAAAAEQAIAADPWJpJAAAAAQAUAG2nEQBWDQoAC4OWAAT5zAACEnoAAgBOTWFjaW50b3NoIEhEOlVzZXJzOgBNYXg6AEdvb2dsZSBEcml2ZToAbGlicmFyeToAZW1pbGVfbGlicmFyeToARnJlaW5ldDE5NzkucGRmAA4AIAAPAEYAcgBlAGkAbgBlAHQAMQA5ADcAOQAuAHAAZABmAA8AGgAMAE0AYQBjAGkAbgB0AG8AcwBoACAASABEABIAPFVzZXJzL01heC9Hb29nbGUgRHJpdmUvbGlicmFyeS9lbWlsZV9saWJyYXJ5L0ZyZWluZXQxOTc5LnBkZgATAAEvAAAVAAIACv//AACABtIbHB0eWiRjbGFzc25hbWVYJGNsYXNzZXNdTlNNdXRhYmxlRGF0YaMdHyBWTlNEYXRhWE5TT2JqZWN00hscIiNcTlNEaWN0aW9uYXJ5oiIgXxAPTlNLZXllZEFyY2hpdmVy0SYnVHJvb3SAAQAIABEAGgAjAC0AMgA3AEAARgBNAFUAYABnAGoAbABuAHEAcwB1AHcAhACOAMkAzgDWApYCmAKdAqgCsQK/AsMCygLTAtgC5QLoAvoC/QMCAAAAAAAAAgEAAAAAAAAAKAAAAAAAAAAAAAAAAAAAAwQ=}}

@article{Habermas1987,
	Author = {Habermas, J{\"u}rgen and Blazek, John},
	Date-Added = {2014-04-14 11:56:02 +0000},
	Date-Modified = {2014-04-14 11:56:02 +0000},
	Journal = {New German Critique},
	Keywords = {Pedagogy},
	Mendeley-Tags = {4-Good,Pedagogy,\_Read,folder-unsorted},
	Pages = {3--22},
	Project = {Emile; DSA},
	Rating = {4},
	Read = {5},
	Title = {The Idea of the University -- Learning Processes},
	Volume = {41},
	Year = {1987},
	Bdsk-File-1 = {YnBsaXN0MDDUAQIDBAUGJCVYJHZlcnNpb25YJG9iamVjdHNZJGFyY2hpdmVyVCR0b3ASAAGGoKgHCBMUFRYaIVUkbnVsbNMJCgsMDxJXTlMua2V5c1pOUy5vYmplY3RzViRjbGFzc6INDoACgAOiEBGABIAFgAdccmVsYXRpdmVQYXRoWWFsaWFzRGF0YV8QOS4uLy4uL0dvb2dsZSBEcml2ZS9saWJyYXJ5L2VtaWxlX2xpYnJhcnkvSGFiZXJtYXMxOTg3LnBkZtIXCxgZV05TLmRhdGFPEQHCAAAAAAHCAAIAAAxNYWNpbnRvc2ggSEQAAAAAAAAAAAAAAAAAAADPNsedSCsAAABtpxEQSGFiZXJtYXMxOTg3LnBkZgAAAAAAAAAAAAAAAAAAAAAAAAAAAAAAAAAAAAAAAAAAAAAAAAAAAAAAAAAAAAAAABITK8839dwAAAAAAAAAAAACAAQAAAkgAAAAAAAAAAAAAAAAAAAADWVtaWxlX2xpYnJhcnkAABAACAAAzza5jQAAABEACAAAzzfnzAAAAAEAFABtpxEAVg0KAAuDlgAE+cwAAhJ6AAIAT01hY2ludG9zaCBIRDpVc2VyczoATWF4OgBHb29nbGUgRHJpdmU6AGxpYnJhcnk6AGVtaWxlX2xpYnJhcnk6AEhhYmVybWFzMTk4Ny5wZGYAAA4AIgAQAEgAYQBiAGUAcgBtAGEAcwAxADkAOAA3AC4AcABkAGYADwAaAAwATQBhAGMAaQBuAHQAbwBzAGgAIABIAEQAEgA9VXNlcnMvTWF4L0dvb2dsZSBEcml2ZS9saWJyYXJ5L2VtaWxlX2xpYnJhcnkvSGFiZXJtYXMxOTg3LnBkZgAAEwABLwAAFQACAAr//wAAgAbSGxwdHlokY2xhc3NuYW1lWCRjbGFzc2VzXU5TTXV0YWJsZURhdGGjHR8gVk5TRGF0YVhOU09iamVjdNIbHCIjXE5TRGljdGlvbmFyeaIiIF8QD05TS2V5ZWRBcmNoaXZlctEmJ1Ryb290gAEACAARABoAIwAtADIANwBAAEYATQBVAGAAZwBqAGwAbgBxAHMAdQB3AIQAjgDKAM8A1wKdAp8CpAKvArgCxgLKAtEC2gLfAuwC7wMBAwQDCQAAAAAAAAIBAAAAAAAAACgAAAAAAAAAAAAAAAAAAAML}}

@book{Hayek1944,
	Address = {London},
	Author = {Hayek, Friedrich A.},
	Booktitle = {The Road to Serfdom},
	Class = {The Grass its Green and the Other Side -- Comparative Social Sciences; The Grass its Green and the Other Side -- Comparative Social Sciences},
	Date-Added = {2014-04-14 11:56:02 +0000},
	Date-Modified = {2014-04-14 11:56:02 +0000},
	Keywords = {Public Finance},
	Mendeley-Tags = {Public Finance,folder-companaly,folder-phd},
	Project = {PhD Tax & Democracy; Emile},
	Publisher = {Routledge},
	Title = {The Road to Serfdom},
	Year = {1944},
	Bdsk-File-1 = {YnBsaXN0MDDUAQIDBAUGJCVYJHZlcnNpb25YJG9iamVjdHNZJGFyY2hpdmVyVCR0b3ASAAGGoKgHCBMUFRYaIVUkbnVsbNMJCgsMDxJXTlMua2V5c1pOUy5vYmplY3RzViRjbGFzc6INDoACgAOiEBGABIAFgAdccmVsYXRpdmVQYXRoWWFsaWFzRGF0YV8QNi4uLy4uL0dvb2dsZSBEcml2ZS9saWJyYXJ5L2VtaWxlX2xpYnJhcnkvSGF5ZWsxOTQ0LnBkZtIXCxgZV05TLmRhdGFPEQG0AAAAAAG0AAIAAAxNYWNpbnRvc2ggSEQAAAAAAAAAAAAAAAAAAADPNsedSCsAAABtpxENSGF5ZWsxOTQ0LnBkZgAAAAAAAAAAAAAAAAAAAAAAAAAAAAAAAAAAAAAAAAAAAAAAAAAAAAAAAAAAAAAAAAAAABFot883158AAAAAAAAAAAACAAQAAAkgAAAAAAAAAAAAAAAAAAAADWVtaWxlX2xpYnJhcnkAABAACAAAzza5jQAAABEACAAAzzfJjwAAAAEAFABtpxEAVg0KAAuDlgAE+cwAAhJ6AAIATE1hY2ludG9zaCBIRDpVc2VyczoATWF4OgBHb29nbGUgRHJpdmU6AGxpYnJhcnk6AGVtaWxlX2xpYnJhcnk6AEhheWVrMTk0NC5wZGYADgAcAA0ASABhAHkAZQBrADEAOQA0ADQALgBwAGQAZgAPABoADABNAGEAYwBpAG4AdABvAHMAaAAgAEgARAASADpVc2Vycy9NYXgvR29vZ2xlIERyaXZlL2xpYnJhcnkvZW1pbGVfbGlicmFyeS9IYXllazE5NDQucGRmABMAAS8AABUAAgAK//8AAIAG0hscHR5aJGNsYXNzbmFtZVgkY2xhc3Nlc11OU011dGFibGVEYXRhox0fIFZOU0RhdGFYTlNPYmplY3TSGxwiI1xOU0RpY3Rpb25hcnmiIiBfEA9OU0tleWVkQXJjaGl2ZXLRJidUcm9vdIABAAgAEQAaACMALQAyADcAQABGAE0AVQBgAGcAagBsAG4AcQBzAHUAdwCEAI4AxwDMANQCjAKOApMCngKnArUCuQLAAskCzgLbAt4C8ALzAvgAAAAAAAACAQAAAAAAAAAoAAAAAAAAAAAAAAAAAAAC+g==}}

@book{Hepp1999a,
	Address = {Schwalbach, Taunus},
	Author = {Hepp, Gerd},
	Booktitle = {Neue Partizipationsentwicklungen in der Schule und ihr Beitrag zur demokratischen Kultur.},
	Class = {DSA 2014 BS-S Schule der Demokratie},
	Date-Added = {2014-04-14 11:56:02 +0000},
	Date-Modified = {2014-04-14 11:56:02 +0000},
	Mendeley-Tags = {folder-copy-schule-der-demokratie},
	Pages = {141 -- 159},
	Project = {Emile},
	Publisher = {Wochenschau Verl.},
	Title = {Neue Partizipationsentwicklungen in der Schule und ihr Beitrag zur demokratischen Kultur.},
	Year = {1999}}

@article{Hildeschmidt1988a,
	Author = {Hildeschmidt, A and Sander, A},
	Class = {DSA 2014 BS-S Schule der Demokratie},
	Date-Added = {2014-04-14 11:56:02 +0000},
	Date-Modified = {2014-04-14 11:56:02 +0000},
	Journal = {Kinder mit und ohne Beeintr{\"a}chtigung lernen {\ldots}},
	Mendeley-Tags = {folder-copy-schule-der-demokratie},
	Project = {Emile},
	Title = {Der {\"o}kosystemische Ansatz als Grundlage f{\"u}r Einzelintegration},
	Year = {1988},
	Bdsk-Url-1 = {http://scholar.google.de/scholar?q=%22Der+%5C%22%7Bo%7Dkosystemische+ansatz+als+grundlage+f%5C%22%7Bu%7Dr+einzelintegration%22%5C&btnG=%5C&hl=de%5C&as%5C_sdt=0,5%5C#0},
	Bdsk-Url-2 = {http://scholar.google.de/scholar?q=%22Der+%5C%7B%22o%7Dkosystemische+ansatz+als+grundlage+f%5C%7B%22u%7Dr+einzelintegration%22%5C&btnG=%5C&hl=de%5C&as%5C_sdt=0,5%5C#0},
	Bdsk-File-1 = {YnBsaXN0MDDUAQIDBAUGJCVYJHZlcnNpb25YJG9iamVjdHNZJGFyY2hpdmVyVCR0b3ASAAGGoKgHCBMUFRYaIVUkbnVsbNMJCgsMDxJXTlMua2V5c1pOUy5vYmplY3RzViRjbGFzc6INDoACgAOiEBGABIAFgAdccmVsYXRpdmVQYXRoWWFsaWFzRGF0YV8QPi4uLy4uL0dvb2dsZSBEcml2ZS9saWJyYXJ5L2VtaWxlX2xpYnJhcnkvSGlsZGVzY2htaWR0MTk4OGEucGRm0hcLGBlXTlMuZGF0YU8RAdQAAAAAAdQAAgAADE1hY2ludG9zaCBIRAAAAAAAAAAAAAAAAAAAAM82x51IKwAAAG2nERVIaWxkZXNjaG1pZHQxOTg4YS5wZGYAAAAAAAAAAAAAAAAAAAAAAAAAAAAAAAAAAAAAAAAAAAAAAAAAAAAAAAAAbYovz1obUgAAAAAAAAAAAAIABAAACSAAAAAAAAAAAAAAAAAAAAANZW1pbGVfbGlicmFyeQAAEAAIAADPNrmNAAAAEQAIAADPWg1CAAAAAQAUAG2nEQBWDQoAC4OWAAT5zAACEnoAAgBUTWFjaW50b3NoIEhEOlVzZXJzOgBNYXg6AEdvb2dsZSBEcml2ZToAbGlicmFyeToAZW1pbGVfbGlicmFyeToASGlsZGVzY2htaWR0MTk4OGEucGRmAA4ALAAVAEgAaQBsAGQAZQBzAGMAaABtAGkAZAB0ADEAOQA4ADgAYQAuAHAAZABmAA8AGgAMAE0AYQBjAGkAbgB0AG8AcwBoACAASABEABIAQlVzZXJzL01heC9Hb29nbGUgRHJpdmUvbGlicmFyeS9lbWlsZV9saWJyYXJ5L0hpbGRlc2NobWlkdDE5ODhhLnBkZgATAAEvAAAVAAIACv//AACABtIbHB0eWiRjbGFzc25hbWVYJGNsYXNzZXNdTlNNdXRhYmxlRGF0YaMdHyBWTlNEYXRhWE5TT2JqZWN00hscIiNcTlNEaWN0aW9uYXJ5oiIgXxAPTlNLZXllZEFyY2hpdmVy0SYnVHJvb3SAAQAIABEAGgAjAC0AMgA3AEAARgBNAFUAYABnAGoAbABuAHEAcwB1AHcAhACOAM8A1ADcArQCtgK7AsYCzwLdAuEC6ALxAvYDAwMGAxgDGwMgAAAAAAAAAgEAAAAAAAAAKAAAAAAAAAAAAAAAAAAAAyI=}}

@incollection{Kasztantowicz,
	Author = {Kasztantowicz, Ulrich},
	Class = {DSA 2014 BS-S Schule der Demokratie},
	Date-Added = {2014-04-14 11:56:02 +0000},
	Date-Modified = {2014-04-14 11:56:02 +0000},
	Mendeley-Tags = {folder-copy-schule-der-demokratie},
	Project = {Emile},
	Title = {Interaktionstheoretische Aspekte zur Theorie und Praxis der Behindertenp{\"a}dagogik},
	Bdsk-File-1 = {YnBsaXN0MDDUAQIDBAUGJCVYJHZlcnNpb25YJG9iamVjdHNZJGFyY2hpdmVyVCR0b3ASAAGGoKgHCBMUFRYaIVUkbnVsbNMJCgsMDxJXTlMua2V5c1pOUy5vYmplY3RzViRjbGFzc6INDoACgAOiEBGABIAFgAdccmVsYXRpdmVQYXRoWWFsaWFzRGF0YV8QOi4uLy4uL0dvb2dsZSBEcml2ZS9saWJyYXJ5L2VtaWxlX2xpYnJhcnkvS2FzenRhbnRvd2ljei5wZGbSFwsYGVdOUy5kYXRhTxEBxAAAAAABxAACAAAMTWFjaW50b3NoIEhEAAAAAAAAAAAAAAAAAAAAzzbHnUgrAAAAbacREUthc3p0YW50b3dpY3oucGRmAAAAAAAAAAAAAAAAAAAAAAAAAAAAAAAAAAAAAAAAAAAAAAAAAAAAAAAAAAAAAABW1ufPYfDbAAAAAAAAAAAAAgAEAAAJIAAAAAAAAAAAAAAAAAAAAA1lbWlsZV9saWJyYXJ5AAAQAAgAAM82uY0AAAARAAgAAM9h1LsAAAABABQAbacRAFYNCgALg5YABPnMAAISegACAFBNYWNpbnRvc2ggSEQ6VXNlcnM6AE1heDoAR29vZ2xlIERyaXZlOgBsaWJyYXJ5OgBlbWlsZV9saWJyYXJ5OgBLYXN6dGFudG93aWN6LnBkZgAOACQAEQBLAGEAcwB6AHQAYQBuAHQAbwB3AGkAYwB6AC4AcABkAGYADwAaAAwATQBhAGMAaQBuAHQAbwBzAGgAIABIAEQAEgA+VXNlcnMvTWF4L0dvb2dsZSBEcml2ZS9saWJyYXJ5L2VtaWxlX2xpYnJhcnkvS2FzenRhbnRvd2ljei5wZGYAEwABLwAAFQACAAr//wAAgAbSGxwdHlokY2xhc3NuYW1lWCRjbGFzc2VzXU5TTXV0YWJsZURhdGGjHR8gVk5TRGF0YVhOU09iamVjdNIbHCIjXE5TRGljdGlvbmFyeaIiIF8QD05TS2V5ZWRBcmNoaXZlctEmJ1Ryb290gAEACAARABoAIwAtADIANwBAAEYATQBVAGAAZwBqAGwAbgBxAHMAdQB3AIQAjgDLANAA2AKgAqICpwKyArsCyQLNAtQC3QLiAu8C8gMEAwcDDAAAAAAAAAIBAAAAAAAAACgAAAAAAAAAAAAAAAAAAAMO}}

@incollection{Klafki1999,
	Address = {Schwalbach},
	Author = {Klafki, Wolfgang},
	Booktitle = {Schule in der B{\"u}rgergesellschaft},
	Class = {DSA 2014 BS-S Schule der Demokratie},
	Date-Added = {2014-04-14 11:56:02 +0000},
	Date-Modified = {2014-04-14 11:56:02 +0000},
	Editor = {Hepp, Gerd},
	Mendeley-Tags = {folder-copy-schule-der-demokratie},
	Pages = {30--49},
	Project = {Emile},
	Publisher = {Wochenschau Verlag},
	Title = {Schl{\"u}sselprobleme und Schl{\"u}sselqualifikationen. Schwerpunkte neuer Allgemeinbildung in einer demokratischen Kinder - und Jugendschule},
	Year = {1999},
	Abstract = {In insgesamt elf Thesen erl{\"a}utert der Autor sein ``neues Allgemeinbildungskonzept'', das er bereits in den 80er Jahren entwickelt hat. Neu in diesem Beitrag ist die explizite Bezugnahme auf den Begriff der B{\"u}rgergesellschaft, die er prononciert als emanzipatorische Aufgabe sieht.... In didaktischer Hinsicht pl{\"a}diert er f{\"u}r eine Konzentration auf epochaltypische Schl{\"u}sselprobleme von gesamtgesellschaftlicher, zukunftsweisender und zumeist auch weltumspannender Bedeutung. Im einzelnen benennt er: Die Umweltfrage, das Wachstum der Weltbev{\"o}lkerung, die gesellschaftlich verursachte Ungleichheit, die Frage von Krieg und Frieden, die Frage nach Sinn und Problematik des Nationalit{\"a}tsprinzips, die Gefahren und M{\"o}glichkeiten der neuen technischen Steuerungs-, Informations- und Kommunikationsmedien sowie schlie{\ss} lich das Problem der Subjektivit{\"a}t des Einzelnen. Zur Bew{\"a}ltigung dieser Schl{\"u}sselprobleme bedarf es in der B{\"u}rgergesellschaft bestimmter Schl{\"u}sselqualifikationen ... : Kritikbereitschaft und -f{\"a}higkeit, Argumentationbereitschaft und -f{\"a}higkeit, Empathie, Kooperationsbereitschaft und -f{\"a}higkeit, Kreativit{\"a}t sowie vernetzendes Denken. Sie erfordern wiederum unterrichtsorganisatorische und allgemeindidaktische Konsequenzen.}}

@book{Knauer2008,
	Address = {Weinheim und Basel},
	Author = {Knauer, Sabine},
	Booktitle = {Integration. Inklusive Konzepte f{\"u}r Schule und Unterricht.},
	Class = {DSA 2014 BS-S Schule der Demokratie},
	Date-Added = {2014-04-14 11:56:02 +0000},
	Date-Modified = {2014-04-14 11:56:02 +0000},
	Keywords = {Inklusion},
	Mendeley-Tags = {Inklusion,folder-copy-schule-der-demokratie},
	Pages = {66--100},
	Project = {Emile},
	Title = {Integration. Inklusive Konzepte f{\"u}r Schule und Unterricht.},
	Year = {2008}}

@incollection{Korczak1980,
	Address = {Berlin},
	Author = {Korczak, Janusz},
	Booktitle = {Die Liebe zum Kind},
	Class = {DSA 2014 BS-S Schule der Demokratie},
	Date-Added = {2014-04-14 11:56:02 +0000},
	Date-Modified = {2014-04-14 11:56:02 +0000},
	Mendeley-Tags = {folder-copy-schule-der-demokratie},
	Project = {Emile},
	Publisher = {Union Verlag},
	Title = {Das Recht des Kindes auf Achtung},
	Year = {1980},
	Annote = {Zu der Frage: K{\"o}nnen Kinder {\"u}berhaupt schon demokratisch handeln?
Zur moralischen Entwicklung im Kindesalter
Zur Kommunikation / Kooperation zwischen Kindern/ Kindern und Erwachsenen (vgl. Juul)
Zum Generationsproblematik in der Erziehung (Konservierung und Innovation)},
	Bdsk-File-1 = {YnBsaXN0MDDUAQIDBAUGJCVYJHZlcnNpb25YJG9iamVjdHNZJGFyY2hpdmVyVCR0b3ASAAGGoKgHCBMUFRYaIVUkbnVsbNMJCgsMDxJXTlMua2V5c1pOUy5vYmplY3RzViRjbGFzc6INDoACgAOiEBGABIAFgAdccmVsYXRpdmVQYXRoWWFsaWFzRGF0YV8QOC4uLy4uL0dvb2dsZSBEcml2ZS9saWJyYXJ5L2VtaWxlX2xpYnJhcnkvS29yY3phazE5ODAucGRm0hcLGBlXTlMuZGF0YU8RAbwAAAAAAbwAAgAADE1hY2ludG9zaCBIRAAAAAAAAAAAAAAAAAAAAM82x51IKwAAAG2nEQ9Lb3JjemFrMTk4MC5wZGYAAAAAAAAAAAAAAAAAAAAAAAAAAAAAAAAAAAAAAAAAAAAAAAAAAAAAAAAAAAAAAAAAVtbKz2Hw2AAAAAAAAAAAAAIABAAACSAAAAAAAAAAAAAAAAAAAAANZW1pbGVfbGlicmFyeQAAEAAIAADPNrmNAAAAEQAIAADPYdS4AAAAAQAUAG2nEQBWDQoAC4OWAAT5zAACEnoAAgBOTWFjaW50b3NoIEhEOlVzZXJzOgBNYXg6AEdvb2dsZSBEcml2ZToAbGlicmFyeToAZW1pbGVfbGlicmFyeToAS29yY3phazE5ODAucGRmAA4AIAAPAEsAbwByAGMAegBhAGsAMQA5ADgAMAAuAHAAZABmAA8AGgAMAE0AYQBjAGkAbgB0AG8AcwBoACAASABEABIAPFVzZXJzL01heC9Hb29nbGUgRHJpdmUvbGlicmFyeS9lbWlsZV9saWJyYXJ5L0tvcmN6YWsxOTgwLnBkZgATAAEvAAAVAAIACv//AACABtIbHB0eWiRjbGFzc25hbWVYJGNsYXNzZXNdTlNNdXRhYmxlRGF0YaMdHyBWTlNEYXRhWE5TT2JqZWN00hscIiNcTlNEaWN0aW9uYXJ5oiIgXxAPTlNLZXllZEFyY2hpdmVy0SYnVHJvb3SAAQAIABEAGgAjAC0AMgA3AEAARgBNAFUAYABnAGoAbABuAHEAcwB1AHcAhACOAMkAzgDWApYCmAKdAqgCsQK/AsMCygLTAtgC5QLoAvoC/QMCAAAAAAAAAgEAAAAAAAAAKAAAAAAAAAAAAAAAAAAAAwQ=}}

@book{Kraft1993,
	Address = {Bad Heilbrunn},
	Author = {Kraft, Volker},
	Booktitle = {Rousseaus {\'E}mile. Lehr- und Studienbuch},
	Class = {DSA 2014 BS-S Schule der Demokratie},
	Date-Added = {2014-04-14 11:56:02 +0000},
	Date-Modified = {2014-04-14 11:56:02 +0000},
	Mendeley-Tags = {folder-copy-schule-der-demokratie},
	Project = {Emile},
	Publisher = {Verlag Julius Klinkhard},
	Title = {Rousseaus {\'E}mile. Lehr- und Studienbuch},
	Year = {1993},
	Annote = {Gute Interpretationsimpulse, aber m{\"o}glicherweise veraltet, VK}}

@article{Kron2002a,
	Author = {Kron, M},
	Class = {DSA 2014 BS-S Schule der Demokratie},
	Date-Added = {2014-04-14 11:56:02 +0000},
	Date-Modified = {2014-04-14 11:56:02 +0000},
	Journal = {{\ldots} . Kinder mit und ohne Beeintr{\"a}chtigung lernen {\ldots}},
	Mendeley-Tags = {folder-copy-schule-der-demokratie},
	Project = {Emile},
	Title = {Gemeinsame Erziehung von Kindern mit und ohne Behinderung im Elementarbereich. Theorieans{\"a}tze und Praxiserfahrungen},
	Year = {2002},
	Bdsk-Url-1 = {http://scholar.google.de/scholar?q=+%22Gemeinsame+Erziehung+von+Kindern+mit+und+ohne+Behinderung%22%5C&btnG=%5C&hl=de%5C&as%5C_sdt=0,5%5C#0}}

@book{Lind2009,
	Address = {M{\"u}nchen},
	Author = {Lind, Georg},
	Booktitle = {Moral ist lehrbar. Handbuch zur Theprie und Praxis moralischer und demokratischer Bildung.},
	Class = {DSA 2014 BS-S Schule der Demokratie},
	Date-Added = {2014-04-14 11:56:02 +0000},
	Date-Modified = {2014-04-14 11:56:02 +0000},
	Keywords = {Moral},
	Mendeley-Tags = {Moral,folder-copy-schule-der-demokratie},
	Project = {Emile},
	Publisher = {Oldenbourg},
	Title = {Moral ist lehrbar. Handbuch zur Theprie und Praxis moralischer und demokratischer Bildung.},
	Year = {2009},
	Annote = {Nicht unbedigt f{\"u}r Reader, aber wichtig f{\"u}r Methode der Dilemmatadiskussion, die im Kurs durchgef{\"u}hrt werden soll.

        
Beobachtungsb{\"o}gen,
Rollenverteilung
Beobachtung als Instrument der P{\"a}dagogik}}

@book{Marshall-1950-aa,
	Address = {Cambridge, UK},
	Author = {Marshall, Thomas Humphrey},
	Booktitle = {Proceedings},
	Class = {The Development of Governance 2008; German Politics and Culture 2013; German Politics and Culture 2010; Welfare State Core Theory 2010},
	Date-Added = {2014-04-14 11:56:02 +0000},
	Date-Modified = {2014-04-14 11:56:02 +0000},
	Keywords = {Welfare State,Democracy,Welfare State},
	Mendeley-Tags = {2014-Winter,3-Interesting,Democracy,Welfare State,\_Read,folder-copy-schule-der-demokratie},
	Project = {Emile},
	Publisher = {Cambridge University Press},
	Rating = {3},
	Read = {5},
	Title = {Citizenship and Social Class},
	Year = {1950},
	Bdsk-File-1 = {YnBsaXN0MDDUAQIDBAUGJCVYJHZlcnNpb25YJG9iamVjdHNZJGFyY2hpdmVyVCR0b3ASAAGGoKgHCBMUFRYaIVUkbnVsbNMJCgsMDxJXTlMua2V5c1pOUy5vYmplY3RzViRjbGFzc6INDoACgAOiEBGABIAFgAdccmVsYXRpdmVQYXRoWWFsaWFzRGF0YV8QPS4uLy4uL0dvb2dsZSBEcml2ZS9saWJyYXJ5L2VtaWxlX2xpYnJhcnkvTWFyc2hhbGwtMTk1MC1hYS5wZGbSFwsYGVdOUy5kYXRhTxEB0gAAAAAB0gACAAAMTWFjaW50b3NoIEhEAAAAAAAAAAAAAAAAAAAAzzbHnUgrAAAAbacRFE1hcnNoYWxsLTE5NTAtYWEucGRmAAAAAAAAAAAAAAAAAAAAAAAAAAAAAAAAAAAAAAAAAAAAAAAAAAAAAAAAAAAOktXPN5lVAAAAAAAAAAAAAgAEAAAJIAAAAAAAAAAAAAAAAAAAAA1lbWlsZV9saWJyYXJ5AAAQAAgAAM82uY0AAAARAAgAAM83i0UAAAABABQAbacRAFYNCgALg5YABPnMAAISegACAFNNYWNpbnRvc2ggSEQ6VXNlcnM6AE1heDoAR29vZ2xlIERyaXZlOgBsaWJyYXJ5OgBlbWlsZV9saWJyYXJ5OgBNYXJzaGFsbC0xOTUwLWFhLnBkZgAADgAqABQATQBhAHIAcwBoAGEAbABsAC0AMQA5ADUAMAAtAGEAYQAuAHAAZABmAA8AGgAMAE0AYQBjAGkAbgB0AG8AcwBoACAASABEABIAQVVzZXJzL01heC9Hb29nbGUgRHJpdmUvbGlicmFyeS9lbWlsZV9saWJyYXJ5L01hcnNoYWxsLTE5NTAtYWEucGRmAAATAAEvAAAVAAIACv//AACABtIbHB0eWiRjbGFzc25hbWVYJGNsYXNzZXNdTlNNdXRhYmxlRGF0YaMdHyBWTlNEYXRhWE5TT2JqZWN00hscIiNcTlNEaWN0aW9uYXJ5oiIgXxAPTlNLZXllZEFyY2hpdmVy0SYnVHJvb3SAAQAIABEAGgAjAC0AMgA3AEAARgBNAFUAYABnAGoAbABuAHEAcwB1AHcAhACOAM4A0wDbArECswK4AsMCzALaAt4C5QLuAvMDAAMDAxUDGAMdAAAAAAAAAgEAAAAAAAAAKAAAAAAAAAAAAAAAAAAAAx8=}}

@article{Orwell1946,
	Author = {Orwell, George},
	Class = {German Politics and Culture 2013; German Politics and Culture 2010; DSA 2014 BS-S Schule der Demokratie; DSA 2011-4 Arbeit},
	Date-Added = {2014-04-14 11:56:02 +0000},
	Date-Modified = {2014-04-14 11:56:02 +0000},
	Journal = {Horizon},
	Keywords = {Writing,Old Keyword},
	Mendeley-Tags = {5-Great,Writing,\_Read,\_ol,folder-copy-schule-der-demokratie},
	Number = {76},
	Pages = {252--265},
	Project = {Emile},
	Rating = {5},
	Read = {5},
	Title = {Politics and the English Language},
	Volume = {13},
	Year = {1946},
	Bdsk-File-1 = {YnBsaXN0MDDUAQIDBAUGJCVYJHZlcnNpb25YJG9iamVjdHNZJGFyY2hpdmVyVCR0b3ASAAGGoKgHCBMUFRYaIVUkbnVsbNMJCgsMDxJXTlMua2V5c1pOUy5vYmplY3RzViRjbGFzc6INDoACgAOiEBGABIAFgAdccmVsYXRpdmVQYXRoWWFsaWFzRGF0YV8QNy4uLy4uL0dvb2dsZSBEcml2ZS9saWJyYXJ5L2VtaWxlX2xpYnJhcnkvT3J3ZWxsMTk0Ni5wZGbSFwsYGVdOUy5kYXRhTxEBugAAAAABugACAAAMTWFjaW50b3NoIEhEAAAAAAAAAAAAAAAAAAAAzzbHnUgrAAAAbacRDk9yd2VsbDE5NDYucGRmAAAAAAAAAAAAAAAAAAAAAAAAAAAAAAAAAAAAAAAAAAAAAAAAAAAAAAAAAAAAAAAAAAARc6LPN9kQAAAAAAAAAAAAAgAEAAAJIAAAAAAAAAAAAAAAAAAAAA1lbWlsZV9saWJyYXJ5AAAQAAgAAM82uY0AAAARAAgAAM83ywAAAAABABQAbacRAFYNCgALg5YABPnMAAISegACAE1NYWNpbnRvc2ggSEQ6VXNlcnM6AE1heDoAR29vZ2xlIERyaXZlOgBsaWJyYXJ5OgBlbWlsZV9saWJyYXJ5OgBPcndlbGwxOTQ2LnBkZgAADgAeAA4ATwByAHcAZQBsAGwAMQA5ADQANgAuAHAAZABmAA8AGgAMAE0AYQBjAGkAbgB0AG8AcwBoACAASABEABIAO1VzZXJzL01heC9Hb29nbGUgRHJpdmUvbGlicmFyeS9lbWlsZV9saWJyYXJ5L09yd2VsbDE5NDYucGRmAAATAAEvAAAVAAIACv//AACABtIbHB0eWiRjbGFzc25hbWVYJGNsYXNzZXNdTlNNdXRhYmxlRGF0YaMdHyBWTlNEYXRhWE5TT2JqZWN00hscIiNcTlNEaWN0aW9uYXJ5oiIgXxAPTlNLZXllZEFyY2hpdmVy0SYnVHJvb3SAAQAIABEAGgAjAC0AMgA3AEAARgBNAFUAYABnAGoAbABuAHEAcwB1AHcAhACOAMgAzQDVApMClQKaAqUCrgK8AsACxwLQAtUC4gLlAvcC+gL/AAAAAAAAAgEAAAAAAAAAKAAAAAAAAAAAAAAAAAAAAwE=}}

@article{Pennington2003,
	Author = {Pennington, Mark},
	Class = {DSA 2011-4 Arbeit},
	Date-Added = {2014-04-14 11:56:02 +0000},
	Date-Modified = {2014-04-14 11:56:02 +0000},
	Journal = {Political Studies},
	Keywords = {Deliberation,Democracy,Political Economy,Old Keyword},
	Mendeley-Tags = {Deliberation,Democracy,Political Economy,\_Must-Read,\_ol,folder-dsaarbeit,folder-phd},
	Pages = {722--739},
	Project = {PhD Tax & Democracy; Give n' Take; Emile},
	Reading = {Recommended},
	Status = {Must Read},
	Title = {Hayekian Political Economy and the Limits of Deliberative Democracy},
	Volume = {51},
	Year = {2003},
	Bdsk-File-1 = {YnBsaXN0MDDUAQIDBAUGJCVYJHZlcnNpb25YJG9iamVjdHNZJGFyY2hpdmVyVCR0b3ASAAGGoKgHCBMUFRYaIVUkbnVsbNMJCgsMDxJXTlMua2V5c1pOUy5vYmplY3RzViRjbGFzc6INDoACgAOiEBGABIAFgAdccmVsYXRpdmVQYXRoWWFsaWFzRGF0YV8QOy4uLy4uL0dvb2dsZSBEcml2ZS9saWJyYXJ5L2VtaWxlX2xpYnJhcnkvUGVubmluZ3RvbjIwMDMucGRm0hcLGBlXTlMuZGF0YU8RAcoAAAAAAcoAAgAADE1hY2ludG9zaCBIRAAAAAAAAAAAAAAAAAAAAM82x51IKwAAAG2nERJQZW5uaW5ndG9uMjAwMy5wZGYAAAAAAAAAAAAAAAAAAAAAAAAAAAAAAAAAAAAAAAAAAAAAAAAAAAAAAAAAAAAAEMElzzfKZQAAAAAAAAAAAAIABAAACSAAAAAAAAAAAAAAAAAAAAANZW1pbGVfbGlicmFyeQAAEAAIAADPNrmNAAAAEQAIAADPN7xVAAAAAQAUAG2nEQBWDQoAC4OWAAT5zAACEnoAAgBRTWFjaW50b3NoIEhEOlVzZXJzOgBNYXg6AEdvb2dsZSBEcml2ZToAbGlicmFyeToAZW1pbGVfbGlicmFyeToAUGVubmluZ3RvbjIwMDMucGRmAAAOACYAEgBQAGUAbgBuAGkAbgBnAHQAbwBuADIAMAAwADMALgBwAGQAZgAPABoADABNAGEAYwBpAG4AdABvAHMAaAAgAEgARAASAD9Vc2Vycy9NYXgvR29vZ2xlIERyaXZlL2xpYnJhcnkvZW1pbGVfbGlicmFyeS9QZW5uaW5ndG9uMjAwMy5wZGYAABMAAS8AABUAAgAK//8AAIAG0hscHR5aJGNsYXNzbmFtZVgkY2xhc3Nlc11OU011dGFibGVEYXRhox0fIFZOU0RhdGFYTlNPYmplY3TSGxwiI1xOU0RpY3Rpb25hcnmiIiBfEA9OU0tleWVkQXJjaGl2ZXLRJidUcm9vdIABAAgAEQAaACMALQAyADcAQABGAE0AVQBgAGcAagBsAG4AcQBzAHUAdwCEAI4AzADRANkCpwKpAq4CuQLCAtAC1ALbAuQC6QL2AvkDCwMOAxMAAAAAAAACAQAAAAAAAAAoAAAAAAAAAAAAAAAAAAADFQ==}}

@misc{Peschel2005,
	Author = {Peschel, Falko},
	Class = {DSA 2014 BS-S Schule der Demokratie},
	Date-Added = {2014-04-14 11:56:02 +0000},
	Date-Modified = {2014-04-14 11:56:02 +0000},
	Mendeley-Tags = {folder-copy-schule-der-demokratie},
	Project = {Emile},
	Publisher = {WDR},
	Title = {â€žIch lerne, was ich will`` -- Freier Unterricht in der Grundschule},
	Year = {2005},
	Annote = {Praxis - Thema Klassenrat
Fall: Ein Sch{\"u}ler hat vermeintlich einer Klassenkameradin in den Bauch getreten/geboxt. Wie w{\"u}rdest du als Lehrer handeln? 
Wie reagieren die Kinder? (Vermutungen anstellen)},
	Bdsk-Url-1 = {www.youtube.com/watch?v=Y3nR8op9hNg?}}

@article{Prengel2009a,
	Author = {Prengel, A},
	Class = {DSA 2014 BS-S Schule der Demokratie},
	Date-Added = {2014-04-14 11:56:02 +0000},
	Date-Modified = {2014-04-14 11:56:02 +0000},
	Journal = {Integrationsp{\"a}dagogik.(S. 140-147). Weinheim und {\ldots}},
	Mendeley-Tags = {folder-copy-schule-der-demokratie},
	Project = {Emile},
	Title = {Zur Dialektik von Gleichheit und Differenz in der Bildung, Impulse der Integrationsp{\"a}dagogik},
	Year = {2009},
	Bdsk-Url-1 = {http://scholar.google.de/scholar?q=%22Zur+Dialektik+von+Gleichheit+und+Differenz+in+der+Bildung%22%5C&btnG=%5C&hl=de%5C&as%5C_sdt=0,5%5C#1}}

@article{Preuss-Lausitz2002a,
	Author = {Preuss-Lausitz, U},
	Class = {DSA 2014 BS-S Schule der Demokratie},
	Date-Added = {2014-04-14 11:56:02 +0000},
	Date-Modified = {2014-04-14 11:56:02 +0000},
	Journal = {Integrationsp{\"a}dagogik},
	Mendeley-Tags = {folder-copy-schule-der-demokratie},
	Project = {Emile},
	Title = {Integrationsforschung. Ans{\"a}tze, Ergebnisse und Perspektiven},
	Year = {2002},
	Bdsk-Url-1 = {http://scholar.google.de/scholar?hl=de%5C&q=Preuss-Lausitz+Integrationsforschung+%22Ans%5C%22%7Ba%7Dtze,+ergebnisse+und+perspektiven%22%5C&btnG=%5C&lr=%5C#0},
	Bdsk-Url-2 = {http://scholar.google.de/scholar?hl=de%5C&q=Preuss-Lausitz+Integrationsforschung+%22Ans%5C%7B%22a%7Dtze,+ergebnisse+und+perspektiven%22%5C&btnG=%5C&lr=%5C#0}}

@article{Quitmann2002a,
	Author = {Quitmann, H},
	Class = {DSA 2014 BS-S Schule der Demokratie},
	Date-Added = {2014-04-14 11:56:02 +0000},
	Date-Modified = {2014-04-14 11:56:02 +0000},
	Journal = {Handbuch Integrationsp{\"a}dagogik: Kinder mit und ohne Beeintr{\"a}chtigung lernen gemeinsam},
	Mendeley-Tags = {folder-copy-schule-der-demokratie},
	Project = {Emile},
	Title = {Integrative Begabtenf{\"o}rderung},
	Year = {2002},
	Bdsk-Url-1 = {http://scholar.google.de/scholar?q=%22Integrative+Begabtenf%5C%22%7Bo%7Drderung%22+%5C&btnG=%5C&hl=de%5C&as%5C_sdt=0,5%5C#1},
	Bdsk-Url-2 = {http://scholar.google.de/scholar?q=%22Integrative+Begabtenf%5C%7B%22o%7Drderung%22+%5C&btnG=%5C&hl=de%5C&as%5C_sdt=0,5%5C#1}}

@book{Rosenberg-2002-aa,
	Address = {New Haven, CT},
	Author = {Rosenberg, Shawn W.},
	Booktitle = {Book},
	Class = {Introduction to Political Psychology I 2008; DSA 2014 BS-S Schule der Demokratie},
	Date-Added = {2014-04-14 11:56:02 +0000},
	Date-Modified = {2014-04-14 11:56:02 +0000},
	Keywords = {Political Psychology},
	Mendeley-Tags = {Political Psychology,folder-copy-schule-der-demokratie},
	Project = {Emile},
	Publisher = {Yale University Press},
	Title = {The not so common sense : differences in how people judge social and political life},
	Year = {2002},
	Annote = {2001055903 Shawn W. Rosenberg. 25 cm. Includes bibliographical references (p. 411-420) and index.}}

@book{Rousseau1762,
	Author = {Rousseau, Jean-Jacques},
	Booktitle = {Emile oder {\"u}ber die Erziehung},
	Class = {DSA 2014 BS-S Schule der Demokratie},
	Date-Added = {2014-04-14 11:56:02 +0000},
	Date-Modified = {2014-04-14 11:56:02 +0000},
	Mendeley-Tags = {folder-copy-schule-der-demokratie},
	Project = {Emile},
	Title = {Emile oder {\"u}ber die Erziehung},
	Year = {1762},
	Annote = {
        Ausgangspunkt Rousseau
        
Sekund{\"a}rliteratur scheint notwendig, VK

        
          
Fragen;
Was bedeutet ``Natur'' bei Rousseau? 
Welches Ziel hat demzufolge die nat{\"u}rliche Erziehung des Menschen?
Was versteht man unter ``negativer Erziehung''?
Emile hat bis zum Alter von 12 Jahren keine bewusste soziale Erziehung erhalten, warum? Warum sind Rousseaus Erziehungsvorschl{\"a}ge und sein Menschenbild trotzdem als politisch anzusehen?
Welchen Stellenwert hat Erziehung in der Gesellschaft f{\"u}r Rousseau?

        
Rousseau beschreibt den Eigenwert jeder Phase des Kindes- und Jugendalter sowie deren spezifischen Lern- und Entwicklungsaufgaben. Wie kann man dies mit neueren Theorien des Lernens (Piaget, Vygotzki, Kohlberg) in Verbindung bringen?
(vgl. auch Lebenslanges Lernen, Zone der n{\"a}chsth{\"o}heren Entwicklung, Rolle des Erziehers/Lehrers > Hat er alle F{\"a}den in der Hand?)
Was versteht Rousseau unter Gl{\"u}ck? Welche Auswirkungen hat es auf pers{\"o}nlicher und gesellschaftlicher Ebene?
Moralisches Lernen: Rousseau ist der Auffassung, ``da\ss das Gef{\"u}hl f{\"u}r Recht und Unrecht dem Menschenherzen eingeboren ist.'' Wie wird das bei Kohlberg, Zimpel o.{\"a}. dargestellt? Wann setzt nach Rousseau die Vernunft ein und welche erzieherischen Konsequenzen ergeben sich daraus? (vgl. auch ``Zweite Geburt'')
Welchen Stellenwert hat Arbeit bei Rousseau, welche bei Freinet?
Sind aktuellere Erziehungsvorschl{\"a}ge (z.B. Juul, Freinet) nicht kontr{\"a}r zu Rousseaus Entwicklungslogik des Kindes (soziales Lernen ``je fr{\"u}her desto besser'' vs. ``je sp{\"a}ter desto besser'')?

        
Lehren zu Leben
Unterwerfung unter die eigenen (!) Zw{\"a}nge, },
	Bdsk-Url-1 = {http://gutenberg.spiegel.de/buch/3811/1}}

@book{Rousseau1762b,
	Address = {Paris, France},
	Author = {Rousseau, Jean-Jacques},
	Booktitle = {Of The Social Contract -- Or Principles of Political Right},
	Class = {DSA 2014 BS-S Schule der Demokratie, Einf{\"u}hrung in die Politische Theorie (Nonhoff) 2009},
	Date-Added = {2014-04-14 11:56:02 +0000},
	Date-Modified = {2014-04-14 11:56:02 +0000},
	Mendeley-Tags = {\_Reference,folder-copy-schule-der-demokratie},
	Project = {Emile},
	Status = {Reference},
	Title = {Of The Social Contract -- Or Principles of Political Right},
	Year = {1762}}

@incollection{Rousseau1992,
	Address = {M{\"u}nchen},
	Author = {Rousseau, Jean-Jacques},
	Booktitle = {Lust an der Erkenntnis. Die P{\"a}dagogik der Moderne},
	Class = {DSA 2014 BS-S Schule der Demokratie},
	Date-Added = {2014-04-14 11:56:02 +0000},
	Date-Modified = {2014-04-14 11:56:02 +0000},
	Edition = {Serie Pipe},
	Mendeley-Tags = {folder-copy-schule-der-demokratie},
	Pages = {47--62},
	Project = {Emile},
	Title = {{\'E}mile (Ausz{\"u}ge)},
	Year = {1992}}

@unpublished{Sliwka2005,
	Address = {Berli},
	Author = {Sliwka, Anne},
	Class = {DSA 2014 BS-S Schule der Demokratie},
	Date-Added = {2014-04-14 11:56:02 +0000},
	Date-Modified = {2014-04-14 11:56:02 +0000},
	Institution = {Bund-L{\"a}nder-Kommission},
	Keywords = {Deliberation,School},
	Mendeley-Tags = {Deliberation,School,folder-copy-schule-der-demokratie},
	Project = {Emile},
	Series = {Demokratie lernen und leben},
	Title = {Das Deliberationsforum - Eine neue Form des politischen Lernens in der Schule},
	Year = {2005},
	Bdsk-File-1 = {YnBsaXN0MDDUAQIDBAUGJCVYJHZlcnNpb25YJG9iamVjdHNZJGFyY2hpdmVyVCR0b3ASAAGGoKgHCBMUFRYaIVUkbnVsbNMJCgsMDxJXTlMua2V5c1pOUy5vYmplY3RzViRjbGFzc6INDoACgAOiEBGABIAFgAdccmVsYXRpdmVQYXRoWWFsaWFzRGF0YV8QNy4uLy4uL0dvb2dsZSBEcml2ZS9saWJyYXJ5L2VtaWxlX2xpYnJhcnkvU2xpd2thMjAwNS5wZGbSFwsYGVdOUy5kYXRhTxEBugAAAAABugACAAAMTWFjaW50b3NoIEhEAAAAAAAAAAAAAAAAAAAAzzbHnUgrAAAAbacRDlNsaXdrYTIwMDUucGRmAAAAAAAAAAAAAAAAAAAAAAAAAAAAAAAAAAAAAAAAAAAAAAAAAAAAAAAAAAAAAAAAAAARjMLPN9+YAAAAAAAAAAAAAgAEAAAJIAAAAAAAAAAAAAAAAAAAAA1lbWlsZV9saWJyYXJ5AAAQAAgAAM82uY0AAAARAAgAAM830YgAAAABABQAbacRAFYNCgALg5YABPnMAAISegACAE1NYWNpbnRvc2ggSEQ6VXNlcnM6AE1heDoAR29vZ2xlIERyaXZlOgBsaWJyYXJ5OgBlbWlsZV9saWJyYXJ5OgBTbGl3a2EyMDA1LnBkZgAADgAeAA4AUwBsAGkAdwBrAGEAMgAwADAANQAuAHAAZABmAA8AGgAMAE0AYQBjAGkAbgB0AG8AcwBoACAASABEABIAO1VzZXJzL01heC9Hb29nbGUgRHJpdmUvbGlicmFyeS9lbWlsZV9saWJyYXJ5L1NsaXdrYTIwMDUucGRmAAATAAEvAAAVAAIACv//AACABtIbHB0eWiRjbGFzc25hbWVYJGNsYXNzZXNdTlNNdXRhYmxlRGF0YaMdHyBWTlNEYXRhWE5TT2JqZWN00hscIiNcTlNEaWN0aW9uYXJ5oiIgXxAPTlNLZXllZEFyY2hpdmVy0SYnVHJvb3SAAQAIABEAGgAjAC0AMgA3AEAARgBNAFUAYABnAGoAbABuAHEAcwB1AHcAhACOAMgAzQDVApMClQKaAqUCrgK8AsACxwLQAtUC4gLlAvcC+gL/AAAAAAAAAgEAAAAAAAAAKAAAAAAAAAAAAAAAAAAAAwE=}}

@incollection{Tilly-1985-aa,
	Address = {Cambridge, UK},
	Author = {Tilly, Charles},
	Booktitle = {Bringing the State Back in},
	Class = {The Development of Governance 2008; Organizational Failure & Public Policy Desasters (Seibel); Law & Governance 2009; Humanitarian Aid 2010; German Politics and Culture 2013; German Politics and Culture 2010; DSA 2011-4 Arbeit; DSA 2010 BS-2 Chancengleichheit; The Grass its Green and the Other Side -- Comparative Social Sciences},
	Date-Added = {2014-04-14 11:56:02 +0000},
	Date-Modified = {2014-04-14 11:56:02 +0000},
	Editor = {Evans, Peter B. and Rueschemeyer, Dietrich and Skocpol, Theda},
	Keywords = {Democracy},
	Mendeley-Tags = {5-Great,Democracy,\_Read,folder-companaly,folder-dsaarbeit,folder-favorites,folder-phd},
	Project = {PhD Tax & Democracy; Emile},
	Publisher = {Cambridge University Press},
	Rating = {5},
	Read = {5},
	Title = {War Making and State Making as Organized Crime},
	Year = {1985},
	Bdsk-File-1 = {YnBsaXN0MDDUAQIDBAUGJCVYJHZlcnNpb25YJG9iamVjdHNZJGFyY2hpdmVyVCR0b3ASAAGGoKgHCBMUFRYaIVUkbnVsbNMJCgsMDxJXTlMua2V5c1pOUy5vYmplY3RzViRjbGFzc6INDoACgAOiEBGABIAFgAdccmVsYXRpdmVQYXRoWWFsaWFzRGF0YV8QOi4uLy4uL0dvb2dsZSBEcml2ZS9saWJyYXJ5L2VtaWxlX2xpYnJhcnkvVGlsbHktMTk4NS1hYS5wZGbSFwsYGVdOUy5kYXRhTxEBxAAAAAABxAACAAAMTWFjaW50b3NoIEhEAAAAAAAAAAAAAAAAAAAAzzbHnUgrAAAAbacREVRpbGx5LTE5ODUtYWEucGRmAAAAAAAAAAAAAAAAAAAAAAAAAAAAAAAAAAAAAAAAAAAAAAAAAAAAAAAAAAAAAAALqKHPN5DQAAAAAAAAAAAAAgAEAAAJIAAAAAAAAAAAAAAAAAAAAA1lbWlsZV9saWJyYXJ5AAAQAAgAAM82uY0AAAARAAgAAM83gsAAAAABABQAbacRAFYNCgALg5YABPnMAAISegACAFBNYWNpbnRvc2ggSEQ6VXNlcnM6AE1heDoAR29vZ2xlIERyaXZlOgBsaWJyYXJ5OgBlbWlsZV9saWJyYXJ5OgBUaWxseS0xOTg1LWFhLnBkZgAOACQAEQBUAGkAbABsAHkALQAxADkAOAA1AC0AYQBhAC4AcABkAGYADwAaAAwATQBhAGMAaQBuAHQAbwBzAGgAIABIAEQAEgA+VXNlcnMvTWF4L0dvb2dsZSBEcml2ZS9saWJyYXJ5L2VtaWxlX2xpYnJhcnkvVGlsbHktMTk4NS1hYS5wZGYAEwABLwAAFQACAAr//wAAgAbSGxwdHlokY2xhc3NuYW1lWCRjbGFzc2VzXU5TTXV0YWJsZURhdGGjHR8gVk5TRGF0YVhOU09iamVjdNIbHCIjXE5TRGljdGlvbmFyeaIiIF8QD05TS2V5ZWRBcmNoaXZlctEmJ1Ryb290gAEACAARABoAIwAtADIANwBAAEYATQBVAGAAZwBqAGwAbgBxAHMAdQB3AIQAjgDLANAA2AKgAqICpwKyArsCyQLNAtQC3QLiAu8C8gMEAwcDDAAAAAAAAAIBAAAAAAAAACgAAAAAAAAAAAAAAAAAAAMO}}

@incollection{Tilly2006,
	Address = {Cambridge, MA},
	Author = {Tilly, Charles},
	Booktitle = {The New Fiscal Sociology - Taxation in Comparative and Historical Perspective},
	Class = {The Grass its Green and the Other Side -- Comparative Social Sciences; The Grass its Green and the Other Side -- Comparative Social Sciences},
	Date-Added = {2014-04-14 11:56:02 +0000},
	Date-Modified = {2014-04-14 11:56:02 +0000},
	Editor = {Martin, Isaac William and Mehrotra, Ajay K. and Prasad, Monica},
	Keywords = {Fiscal Sociology,Political Economy},
	Mendeley-Tags = {5-Great,Fiscal Sociology,Political Economy,\_Done,\_Read,folder-companaly,folder-favorites,folder-phd},
	Project = {PhD Tax & Democracy; Emile},
	Publisher = {Cambridge University Press},
	Rating = {5},
	Read = {5},
	Status = {Done},
	Title = {Extraction and Democracy},
	Year = {2006},
	Annote = {For more annotations, see Kindle.

        
There's a great 2-2 table in there: 
	low-Capacity state 	High capacity state
democracy
non-democracy

        
Compare this to input/output congruency literature.
It's the same kind of argument.}}

@book{Tsebelis-2002-aa,
	Address = {Princeton, NJ},
	Author = {Tsebelis, George},
	Booktitle = {Book},
	Class = {Organizational Failure & Public Policy Desasters (Seibel); DSA 2014 BS-S Schule der Demokratie; DSA 2009 BS-2 E-Democracy},
	Date-Added = {2014-04-14 11:56:02 +0000},
	Date-Modified = {2014-04-14 11:56:02 +0000},
	Keywords = {Democracy,Tax},
	Mendeley-Tags = {5-Great,Democracy,Tax,folder-copy-schule-der-demokratie},
	Project = {Emile},
	Publisher = {Princeton University Press},
	Rating = {5},
	Title = {Veto Players - How Political Institutions Work},
	Year = {2002},
	Bdsk-File-1 = {YnBsaXN0MDDUAQIDBAUGJCVYJHZlcnNpb25YJG9iamVjdHNZJGFyY2hpdmVyVCR0b3ASAAGGoKgHCBMUFRYaIVUkbnVsbNMJCgsMDxJXTlMua2V5c1pOUy5vYmplY3RzViRjbGFzc6INDoACgAOiEBGABIAFgAdccmVsYXRpdmVQYXRoWWFsaWFzRGF0YV8QPS4uLy4uL0dvb2dsZSBEcml2ZS9saWJyYXJ5L2VtaWxlX2xpYnJhcnkvVHNlYmVsaXMtMjAwMi1hYS5wZGbSFwsYGVdOUy5kYXRhTxEB0gAAAAAB0gACAAAMTWFjaW50b3NoIEhEAAAAAAAAAAAAAAAAAAAAzzbHnUgrAAAAbacRFFRzZWJlbGlzLTIwMDItYWEucGRmAAAAAAAAAAAAAAAAAAAAAAAAAAAAAAAAAAAAAAAAAAAAAAAAAAAAAAAAAAAPV3HPN5/7AAAAAAAAAAAAAgAEAAAJIAAAAAAAAAAAAAAAAAAAAA1lbWlsZV9saWJyYXJ5AAAQAAgAAM82uY0AAAARAAgAAM83kesAAAABABQAbacRAFYNCgALg5YABPnMAAISegACAFNNYWNpbnRvc2ggSEQ6VXNlcnM6AE1heDoAR29vZ2xlIERyaXZlOgBsaWJyYXJ5OgBlbWlsZV9saWJyYXJ5OgBUc2ViZWxpcy0yMDAyLWFhLnBkZgAADgAqABQAVABzAGUAYgBlAGwAaQBzAC0AMgAwADAAMgAtAGEAYQAuAHAAZABmAA8AGgAMAE0AYQBjAGkAbgB0AG8AcwBoACAASABEABIAQVVzZXJzL01heC9Hb29nbGUgRHJpdmUvbGlicmFyeS9lbWlsZV9saWJyYXJ5L1RzZWJlbGlzLTIwMDItYWEucGRmAAATAAEvAAAVAAIACv//AACABtIbHB0eWiRjbGFzc25hbWVYJGNsYXNzZXNdTlNNdXRhYmxlRGF0YaMdHyBWTlNEYXRhWE5TT2JqZWN00hscIiNcTlNEaWN0aW9uYXJ5oiIgXxAPTlNLZXllZEFyY2hpdmVy0SYnVHJvb3SAAQAIABEAGgAjAC0AMgA3AEAARgBNAFUAYABnAGoAbABuAHEAcwB1AHcAhACOAM4A0wDbArECswK4AsMCzALaAt4C5QLuAvMDAAMDAxUDGAMdAAAAAAAAAgEAAAAAAAAAKAAAAAAAAAAAAAAAAAAAAx8=}}

@book{Verheyen2010,
	Address = {G{\"o}ttingen, Germany},
	Author = {Verheyen, Nina},
	Booktitle = {Diskussionslust -- Eine Kulturgeschichte des ``besseren Arguments'' in Westdeutschland},
	Class = {DSA 2014 BS-S Schule der Demokratie},
	Date-Added = {2014-04-14 11:56:02 +0000},
	Date-Modified = {2014-04-14 11:56:02 +0000},
	Keywords = {Deliberation},
	Mendeley-Tags = {Deliberation,Must\_Check,\_Google-Play,folder-copy-schule-der-demokratie},
	Project = {Emile},
	Publisher = {Vandenhoeck & Ruprecht - Publisher},
	Source = {Google Play},
	Status = {Must Check},
	Title = {Diskussionslust -- Eine Kulturgeschichte des ``besseren Arguments'' in Westdeutschland},
	Year = {2010}}

@book{VonHentig2007,
	Address = {Weinheim und Basel},
	Author = {von Hentig, Hartmut},
	Booktitle = {Bew{\"a}hrung. Von der n{\"u}tzlichen Erfahrung, n{\"u}tzlich zu sein.},
	Class = {DSA 2014 BS-S Schule der Demokratie},
	Date-Added = {2014-04-14 11:56:02 +0000},
	Date-Modified = {2014-04-14 11:56:02 +0000},
	Mendeley-Tags = {folder-copy-schule-der-demokratie},
	Project = {Emile},
	Publisher = {Beltz},
	Title = {Bew{\"a}hrung. Von der n{\"u}tzlichen Erfahrung, n{\"u}tzlich zu sein.},
	Year = {2007},
	Annote = {Community education, Service learning}}

@book{VonHentig2008,
	Author = {von Hentig, Hartmut},
	Booktitle = {Warum muss ich zur Schule gehen? -- Eine Antwort an Tobias in Briefen},
	Class = {DSA 2014 BS-S Schule der Demokratie},
	Date-Added = {2014-04-14 11:56:02 +0000},
	Date-Modified = {2014-04-14 11:56:02 +0000},
	Keywords = {School; Democracy},
	Mendeley-Tags = {Demokratie,Schule,folder-copy-schule-der-demokratie},
	Pages = {144},
	Project = {Emile},
	Title = {Warum muss ich zur Schule gehen? -- Eine Antwort an Tobias in Briefen},
	Year = {2008},
	Bdsk-File-1 = {YnBsaXN0MDDUAQIDBAUGJCVYJHZlcnNpb25YJG9iamVjdHNZJGFyY2hpdmVyVCR0b3ASAAGGoKgHCBMUFRYaIVUkbnVsbNMJCgsMDxJXTlMua2V5c1pOUy5vYmplY3RzViRjbGFzc6INDoACgAOiEBGABIAFgAdccmVsYXRpdmVQYXRoWWFsaWFzRGF0YV8QOi4uLy4uL0dvb2dsZSBEcml2ZS9saWJyYXJ5L2VtaWxlX2xpYnJhcnkvVm9uSGVudGlnMjAwOC5wZGbSFwsYGVdOUy5kYXRhTxEBxAAAAAABxAACAAAMTWFjaW50b3NoIEhEAAAAAAAAAAAAAAAAAAAAzzbHnUgrAAAAbacREVZvbkhlbnRpZzIwMDgucGRmAAAAAAAAAAAAAAAAAAAAAAAAAAAAAAAAAAAAAAAAAAAAAAAAAAAAAAAAAAAAAABh39DPYfDaAAAAAAAAAAAAAgAEAAAJIAAAAAAAAAAAAAAAAAAAAA1lbWlsZV9saWJyYXJ5AAAQAAgAAM82uY0AAAARAAgAAM9h1LoAAAABABQAbacRAFYNCgALg5YABPnMAAISegACAFBNYWNpbnRvc2ggSEQ6VXNlcnM6AE1heDoAR29vZ2xlIERyaXZlOgBsaWJyYXJ5OgBlbWlsZV9saWJyYXJ5OgBWb25IZW50aWcyMDA4LnBkZgAOACQAEQBWAG8AbgBIAGUAbgB0AGkAZwAyADAAMAA4AC4AcABkAGYADwAaAAwATQBhAGMAaQBuAHQAbwBzAGgAIABIAEQAEgA+VXNlcnMvTWF4L0dvb2dsZSBEcml2ZS9saWJyYXJ5L2VtaWxlX2xpYnJhcnkvVm9uSGVudGlnMjAwOC5wZGYAEwABLwAAFQACAAr//wAAgAbSGxwdHlokY2xhc3NuYW1lWCRjbGFzc2VzXU5TTXV0YWJsZURhdGGjHR8gVk5TRGF0YVhOU09iamVjdNIbHCIjXE5TRGljdGlvbmFyeaIiIF8QD05TS2V5ZWRBcmNoaXZlctEmJ1Ryb290gAEACAARABoAIwAtADIANwBAAEYATQBVAGAAZwBqAGwAbgBxAHMAdQB3AIQAjgDLANAA2AKgAqICpwKyArsCyQLNAtQC3QLiAu8C8gMEAwcDDAAAAAAAAAIBAAAAAAAAACgAAAAAAAAAAAAAAAAAAAMO}}

@book{WestThep1988,
	Address = {New York, NY [u.a.]},
	Author = {Westcott, Malcolm R},
	Booktitle = {The psychology of human freedom: a human science perspective and critique},
	Class = {DSA 2014 BS-S Schule der Demokratie},
	Date-Added = {2014-04-14 11:56:02 +0000},
	Date-Modified = {2014-04-14 11:56:02 +0000},
	Isbn = {0387968091},
	Keywords = {Old Keyword},
	Mendeley-Tags = {\_Must-Check,\_ol,folder-copy-schule-der-demokratie},
	Project = {Emile},
	Publisher = {Springer},
	Status = {Must Check},
	Title = {The psychology of human freedom: a human science perspective and critique},
	Year = {1988},
	Annote = {XII, 227 S ; 24 cm : graph. Darst},
	Bdsk-Url-1 = {http://katalog.suub.uni-bremen.de/DB=1/LNG=DU/CMD?ACT=SRCHA%5C&amp;IKT=8000%5C&amp;TRM=17239219*}}

@incollection{Wocken1998,
	Address = {Weinheim, M{\"u}nchen},
	Author = {Wocken, Hans},
	Booktitle = {Integrationsp{\"a}dagogik. Auf dem Wege zu einer Schule f{\"u}r alle},
	Class = {DSA 2014 BS-S Schule der Demokratie},
	Date-Added = {2014-04-14 11:56:02 +0000},
	Date-Modified = {2014-04-14 11:56:02 +0000},
	Editor = {Schnell, Irmtraud and Hildeschmidt, Anne},
	Mendeley-Tags = {folder-copy-schule-der-demokratie},
	Pages = {37--52},
	Project = {Emile},
	Publisher = {Juventa},
	Title = {Gemeinsame Lernsituationen. Eine Skizze zur Theorie des gemeinsamen Unterrichts},
	Year = {1998},
	Annote = {Begr{\"u}ndung gemeinsamer Gegenstand/ Lernsituation im integrativen 
Unterricht

        
Formen von Kooperation im Unterricht

        
Wocken unterscheidet zwischen:
          
1. koexistente Lernsituationen

          
2. kommunikative Lernsituationen

          
3. subsid{\"a}ren Lernsituationen
3.1. unterst{\"u}tzend
3.2. prosozial

          
4. kooperative Lernsituationen
4.1. komplement{\"a}r
4.2. solidarisch
        

        
Frage:
Welche dieser Kooperationsform bzw. -formen sollte in einer demokratischen Schule angestrebt werden?

      },
	Bdsk-Url-1 = {http://www.hans-wocken.de/}}

@book{Wocken2011,
	Address = {Hamburg},
	Author = {Wocken, Hans},
	Booktitle = {Das Haus der inklusiven Schule: Baustellen - Baupl{\"a}ne - Bausteine},
	Class = {DSA 2014 BS-S Schule der Demokratie},
	Date-Added = {2014-04-14 11:56:02 +0000},
	Date-Modified = {2014-04-14 11:56:02 +0000},
	Mendeley-Tags = {folder-copy-schule-der-demokratie},
	Project = {Emile},
	Publisher = {Feldhaus Verlag},
	Title = {Das Haus der inklusiven Schule: Baustellen - Baupl{\"a}ne - Bausteine},
	Year = {2011}}

@book{WorkEvol2004,
	Address = {Cambridge [u.a.]},
	Author = {Workman, Lance},
	Booktitle = {Evolutionary psychology: an introduction},
	Class = {DSA 2014 BS-S Schule der Demokratie},
	Date-Added = {2014-04-14 11:56:02 +0000},
	Date-Modified = {2014-04-14 11:56:02 +0000},
	Isbn = {0521805325},
	Keywords = {Social Psychology,Sociobiology,Old Keyword},
	Mendeley-Tags = {Social Psychology,Sociobiology,\_Must-Check,\_ol,folder-copy-schule-der-demokratie},
	Project = {Emile},
	Publisher = {Cambridge Univ. Press},
	Status = {Must Check},
	Title = {Evolutionary psychology: an introduction},
	Year = {2004},
	Annote = {IX, 417 S : Ill., graph. Darst},
	Bdsk-Url-1 = {http://katalog.suub.uni-bremen.de/DB=1/LNG=DU/CMD?ACT=SRCHA%5C&amp;IKT=8000%5C&amp;TRM=66747422*}}

@book{Zimpel2012,
	Address = {G{\"o}ttingen},
	Author = {Zimpel, Andr{\'e} Frank},
	Booktitle = {Einander helfen. Der Weg zur inklusiven Lernkultur},
	Class = {DSA 2014 BS-S Schule der Demokratie},
	Date-Added = {2014-04-14 11:56:02 +0000},
	Date-Modified = {2014-04-14 11:56:02 +0000},
	Mendeley-Tags = {folder-copy-schule-der-demokratie},
	Project = {Emile},
	Publisher = {Vandenhoeck & Ruprecht},
	Title = {Einander helfen. Der Weg zur inklusiven Lernkultur},
	Year = {2012}}

@comment{BibDesk URL Groups{
<?xml version="1.0" encoding="UTF-8"?>
<!DOCTYPE plist PUBLIC "-//Apple//DTD PLIST 1.0//EN" "http://www.apple.com/DTDs/PropertyList-1.0.dtd">
<plist version="1.0">
<array>
	<dict>
		<key>URL</key>
		<string>file://localhost/Users/Max/Github/library/held_library.bib</string>
		<key>group name</key>
		<string>held_library.bib</string>
	</dict>
</array>
</plist>
}}
